4920 5956
550 1462 629 1548 vu
684 1458 840 1548 nuru.
869 1459 1017 1548 mnu.
1045 1459 1129 1546 nu
1161 1457 1411 1550 mansuro
1442 1462 1522 1548 ur
1552 1457 1842 1550 unrnuao
1871 1443 2158 1568 muncrum,

403 1644 588 1735 usuro
620 1641 927 1757 ursorum,
973 1645 1053 1729 ur
1082 1639 1200 1746 ouo
1230 1639 1456 1729 runrcro
1485 1635 1898 1750 succisurum,
1944 1633 2306 1762 aurausica,

579 1825 882 1915 carcanus
913 1823 991 1914 Au
1020 1821 1270 1927 usurum
1297 1819 1621 1911 uocronns
1653 1811 1928 1910 amenum
1957 1819 2113 1912 smn.

339 2063 450 2182 flacc
470 2115 626 2176 coniuncta
647 2111 828 2171 exhibentur
848 2112 879 2168 in
900 2109 994 2170 hocce
1015 2109 1137 2184 libello,
1166 2108 1217 2187 qui
1238 2125 1315 2168 anuo
1338 2104 1432 2170 ¹522.
1453 2107 1579 2186 prodiit:

323 2232 326 2238 '
464 2231 635 2300 Iudicium
657 2225 701 2292 11.
723 2223 874 2290 Martius·
895 2222 1059 2299 mirri,
1094 2223 1135 2286 dr
1160 2222 1303 2289 Eram
1323 2217 1558 2288 Rotcroduoro.
1616 2220 1710 2288 Plus
1734 2204 1771 2284 ’t
1790 2217 2063 2286 Mehoottlroon
2084 2221 2126 2284 dc
2147 2221 2308 2303 ummo,
2331 2233 2359 2286 rt

508 2311 661 2380 noctem
683 2309 838 2392 Elogr'nn.
895 2309 1002 2374 nouo
1031 2308 1200 2384 discendi,
1232 2329 1298 2391 per·
1323 2309 1463 2370 eundem
1491 2307 1632 2371 trodio.
1716 2305 1860 2380 iarden,
1895 2301 1968 2388 Quo
1997 2307 2121 2370 indicio
2150 2305 2359 2390 Augurius,

490 2395 725 2472 'Ambrosium
749 2395 934 2477 origenes,
956 2415 1000 2459 uc
1020 2397 1147 2476 reliqui
1168 2393 1335 2460 Doctores
1355 2392 1493 2473 legendi
1513 2397 1594 2457 rint.
1634 2391 1680 2456 D.
1696 2391 1850 2456 Martini
1869 2387 2019 2456 botheri
2038 2393 2086 2455 ud
2111 2390 2359 2478 Vuulfgungan

447 2515 452 2524 ·
505 2481 700 2550 Fabritr'nm
713 2479 910 2564 Capitonem
932 2478 1141 2560 theologum,
1170 2475 1328 2559 Epistola
1349 2481 1546 2543 utilissimo.
1587 2477 1724 2560 3plagg.
1746 2481 1803 2540 litt.
1819 2498 1920 2539 a-c
1940 2482 2035 2560 rign„
2065 2477 2107 2543 12
2118 2479 2185 2545 l'oil.
2205 2501 2266 2544 non
2279 2501 2361 2557 nunu,

507 2590 634 2654 quornm
654 2571 789 2630 ultimum
811 2570 911 2630 album
934 2578 997 2647 ert,
1024 2568 1056 2630 t.
1077 2566 1145 2649 (iol.
1160 2564 1329 2629 arv-u*
1357 2567 1498 2626 Indicium
1520 2566 1559 2628 D.
1580 2567 1622 2630 ld.
1644 2565 1768 2626 Lutheri
1788 2566 1836 2625 De
1858 2565 1980 2625 Ermmo
1994 2565 2208 2642 Roterodamo‚
2236 2567 2275 2627 ad
2290 2565 2360 2626 Ami·

509 2675 592 2732 eum,
621 2656 856 2735 Vnittenbcrgaa
879 2650 974 2716 tum.
1003 2653 1081 2714 laria
1107 2661 1212 2731 quarta
1240 2661 1307 2730 pout
1328 2649 1442 2713 Urbani
1470 2653 1626 2730 scriptum,
1662 2669 1727 2709 cnm
1754 2659 1868 2710 annott.
1891 2652 2033 2728 mergium
2067 2649 2121 2710 iol.
2139 2669 2158 2711 a
2173 2647 2215 2712 8¹
2242 2649 2360 2729 Phihppi

507 2741 763 2813 Melanchthonia,
790 2741 829 2798 de
850 2737 999 2815 Luthcro,
1028 2748 1059 2798 ct
1080 2737 1221 2816 Erarmo,
1247 2737 1373 2814 Elogiou
1395 2737 1630 2816 Vuittaubergse
1651 2733 1748 2798 tunt.
1770 2736 1927 2813 scriptum,
1955 2753 1982 2795 c.
1998 2747 2074 2797 nott.
2090 2753 2201 2814 marga
2225 2737 2281 2798 tol.
2296 2733 2359 2797 ad·

507 2837 584 2888 extr.
597 2827 672 2885 -b
689 2823 728 2887 lb
753 2825 840 2884 Ratio
861 2824 993 2883 discendi
1014 2839 1071 2902 per
1089 2821 1256 2900 Philippum
1278 2821 1392 2884 Melan.
1405 2822 1640 2902 Vuitteubergae
1656 2821 1782 2897 traditu,
1811 2839 1838 2882 c.
1852 2829 1925 2882 nott.
1942 2839 2052 2900 marg.;
2078 2819 2162 2882 lolb
2177 2817 2217 2883 Ρ
2239 2835 2314 2883 extr.
2324 2849 2359 2867 -

506 2908 548 2974 2⁵
576 2913 641 2972 init.
663 2910 793 2988 Philippi
813 2908 1050 2968 Melanchthonio
1071 2907 1196 2988 epistola
1218 2907 1257 2967 ad
1277 2906 1420 2984 amicum,
1449 2924 1475 2965 c.
1497 2917 1568 2966 nota
1588 2925 1698 2984 mnrg.;
1727 2904 1783 2967 iol.
1797 2905 1816 2964 b
1830 2903 1969 2967 nl—t·
1999 2905 2083 2966 ldem
2104 2901 2182 2968 Phil.
2203 2907 2276 2967 hiel.
2296 2925 2359 2985 quo-

507 2995 702 3055 eamindicio
723 2992 844 3071 legendi
860 2993 1022 3069 Anthores,
1050 3012 1075 3054 c.
1098 2993 1173 3052 notis
1194 3009 1305 3070 marg.;
1332 2989 1472 3053 solut*
1486 3021 1529 3036 -
1543 3009 1560 3050 o
1572 2987 1614 3054 3ὶ
1641 2991 1762 3050 Martini
1783 2989 1909 3051 Lntheri
1929 2991 1968 3051 ad
1979 2989 2192 3072 wolfgangum
2210 2991 2360 3051 Fabritinm

508 3083 681 3160 Capitonem
703 3079 845 3158 epistola,
874 3097 900 3136 c.
923 3087 999 3138 nott.
1020 3095 1131 3156 marg.;
1162 3075 1218 3135 tor.
1235 3074 1288 3135 cd
1307 3077 1407 3136 album
1429 3075 1499 3152 ert).
1513 3074 1542 3155 *)

422 3201 469 3260 De
489 3199 541 3258 illo
563 3198 762 3258 Melanthouir
783 3197 879 3276 elogio
901 3197 933 3254 in
953 3195 1040 3256 huius
1061 3196 1199 3275 Corporis
1221 3194 1329 3258 volu
1352 3213 1383 3272 p.
1395 3189 1470 3255 596.
1492 3187 1640 3268 reicitur,
1674 3191 1749 3250 illud
1772 3209 1832 3249 non
1854 3209 1919 3252 erre
1940 3192 2078 3253 iudicium
2100 3195 2242 3274 seriptum
2262 3211 2280 3251 a
2300 3192 2360 3252 lle-

338 3286 496 3360 nummo,
523 3283 581 3344 red
600 3283 728 3362 dictum,
756 3281 881 3343 fortasse
903 3281 934 3340 in
955 3281 1072 3362 schola,
1099 3291 1131 3341 et
1152 3298 1170 3340 a
1192 3280 1319 3359 quodam
1341 3278 1486 3358 discipulo
1508 3294 1549 3338 ax
1570 3295 1622 3337 ore
1643 3277 1708 3337 einr
1729 3277 1840 3337 calamo
1861 3287 2029 3357 exceptum.

370 3533 407 3609 r)
422 3539 473 3592 mo
489 3539 600 3592 ussum
618 3503 727 3589 inmo
743 3534 913 3586 urnnouaoo
931 3536 983 3589 ort.

1163 3709 1544 3726 m*

601 3944 605 3954 '
680 3943 868 4052 Philippi
897 3941 1192 4030 Melanthonis
1222 3942 1275 4026 de
1305 3940 1500 4027 liuthero
1534 3947 1575 4024 et
1604 3941 1783 4028 Erasmo
1813 3939 2016 4050 Elogion.

437 4142 479 4213 ln
504 4144 611 4214 rebus
634 4135 843 4234 theologicis
865 4143 938 4213 duo
958 4140 1185 4233 potissimum
1207 4140 1326 4236 requi·
1379 4161 1517 4222 mores,
1550 4137 1711 4211 civilitas.
1777 4137 1874 4208 Haec
1891 4126 1979 4210 ”fere
2013 4138 2226 4213 Erasmus
2240 4138 2272 4236 ¹)
2304 4141 2361 4210 do-

335 4249 459 4320 rimns.
510 4245 695 4330 Alterum,
728 4269 801 4340 qno
823 4269 890 4316 nos
912 4244 1140 4317 consolemur
1158 4247 1326 4315 adversus
1379 4251 1451 4320 cet3
1477 4241 1540 4311 sed
1562 4255 1597 4313 et
1613 4241 1761 4336 gentiles
1778 4237 1987 4335 philosophi
2002 4244 2168 4314 docuere.
2220 4240 2360 4336 Atquid

338 4363 513 4433 mortem,
546 4361 582 4418 el
602 4346 774 4419 indicium
796 4347 873 4431 dai,
908 4371 1052 4442 quoque
1073 4347 1235 4418 animum
1258 4346 1326 4415 eri·
1378 4363 1532 4436 quaeso,
1559 4368 1639 4416 cum
1662 4340 1886 4438 philosophia
1911 4339 2081 4418 Christo?
2132 4345 2207 4418 Aut
2226 4344 2361 4438 spiritui

284 4503 287 4512 .
334 4475 460 4546 gamus
483 4453 654 4522 adversus
676 4473 801 4522 omnes
821 4449 971 4521 insidias
995 4462 1163 4534 satanae,
1200 4451 1325 4520 adver·
1378 4444 1455 4530 dei,
1490 4471 1572 4518 cum
1606 4473 1709 4520 caeca
1743 4447 1884 4518 rarione
1903 4443 2133 4546 hominnm?
2194 4447 2266 4543 Qui
2299 4443 2359 4517 hoc

334 4579 415 4628 snm
448 4552 524 4623 vim
555 4564 743 4645 portarum
779 4553 1015 4624 infernarum.
1090 4550 1143 4623 Ea
1179 4555 1325 4624 demum
1377 4569 1488 4638 genus
1528 4563 1747 4646 sequuntur,
1788 4545 2000 4621 charitatem
2041 4551 2189 4645 quidem
2227 4553 2359 4632 doceor,

334 4678 442 4740 vera,
476 4655 694 4746 evangelica,
724 4668 760 4724 et
785 4651 980 4726 christiana
1009 4656 1229 4747 praedicatio
1261 4665 1324 4739 est,
1376 4650 1438 4719 sed
1477 4651 1586 4723 iidem
1625 4677 1700 4724 non
1733 4653 1875 4723 docent.
1940 4651 2080 4737 Porro,
2121 4654 2193 4726 nisi
2223 4677 2266 4723 ex
2299 4653 2358 4722 lide

333 4761 457 4852 ignota
479 4758 636 4842 mundo,
661 4768 697 4826 et
710 4757 812 4826 omni
826 4758 961 4828 rationi
978 4753 1171 4832 humanae.
1222 4757 1326 4826 Hanc
1376 4751 1539 4826 dimanet
1562 4752 1736 4839 charitas,
1770 4779 1811 4824 ea
1833 4755 1905 4825 iam
1938 4752 2193 4854 φαρισαῖσμὸς
2214 4769 2284 4840 est,
2313 4756 2358 4824 in·

333 4863 524 4954 profitetur
548 4854 838 4954 Lutherns¹).
898 4857 947 4930 El
970 4855 1059 4930 hoec
1085 4861 1219 4935 institia
1247 4884 1325 4930 cor·
1377 4879 1438 4927 cns
1480 4869 1550 4941 est,
1595 4881 1671 4929 non
1712 4852 1877 4930 charitas.
1944 4855 2166 4952 Quanquam
2201 4857 2356 4952 equidem

333 4961 389 5032 dia
414 4975 485 5048 cot,
519 4986 618 5058 quaa
638 4975 762 5055 postea
795 4963 892 5034 huna
923 4986 1034 5057 opera
1056 4967 1164 5058 parit.
1222 4963 1325 5034 Hanc
1376 4957 1566 5031 Erasmum
1604 4957 1697 5032 nihil
1729 4959 1944 5043 dubitarim,
1982 4961 2163 5033 veteribus
2202 4961 2358 5032 omnibu

334 5061 399 5158 qui
422 5064 461 5133 in
480 5066 666 5159 scripturis
688 5066 847 5159 legendis
871 5067 1051 5162 sequitur,
1093 5067 1196 5139 facile
1221 5066 1324 5136 intel·
1377 5063 1569 5154 praeferre.
2429 5071 2430 5078 ’

332 5165 419 5258 liget
440 5167 553 5238 multa
575 5169 744 5262 mysteria
765 5171 975 5262 scripturae.
1028 5170 1212 5259 Alterum,
1235 5167 1325 5242 boni
1840 5162 2122 5256 Vnittenbergae
2139 5164 2179 5234 in
2198 5163 2358 5236 Saxonih.

1891 5265 2000 5338 Anno
2013 5267 2136 5339 salutis
2152 5279 2217 5339 ele.
2232 5267 2316 5358 xxij.

370 5400 401 5470 t)
417 5403 495 5455 Ιιοο
511 5402 565 5455 dno
583 5402 695 5454 noralrra
711 5403 740 5456 ln
757 5403 883 5474 murglno
898 5407 1019 5473 repetita
1034 5410 1110 5462 runt.
