4920 5956
137 159 213 238 sos
325 101 335 122 ’
767 151 1126 248 surrrecturus
1151 152 1218 226 au
1244 151 1539 232 vonna-..x
2089 171 2172 246 ΜΘ

238 329 393 425 Reliqua
434 342 489 402 eet
526 353 598 402 una
631 326 750 402 adbuc
775 328 931 414 utilitas,
977 339 1126 421 propter
1177 331 1456 402 tenerrimarum
1491 333 1758 422 membrorum,
1796 361 1875 409 non
1899 329 2059 411 mana
2086 350 2171 436 ope,

137 454 245 530 quam
270 433 341 504 tate
358 431 613 506 Calendarium
634 430 775 506 institui
797 430 837 502 in
853 430 980 522 primis
996 453 1126 502 conve·
1177 433 1237 503 sed
1262 429 1332 504 Dei
1352 433 1462 505 solius
1471 430 1520 528 ¹¹)
1540 437 1741 526 praesentia
1758 439 1902 530 servati.
1953 475 1957 485 ·

136 537 206 610 rita
227 575 231 584 ·
251 535 451 608 Nemeum
472 535 670 630 uniruique
689 536 728 606 in
742 536 817 606 vite
832 533 944 607 multa
960 533 1126 606 accidant
1197 625 1206 634 ι
1279 533 1336 607 Eo
1356 535 1414 606 die
1437 549 1570 608 matres
1589 551 1734 612 nostrae
1752 565 1771 610 a
1791 557 1966 637 perpetuo
1982 545 2169 637 languore,

136 639 317 732 insperata
333 649 443 732 atque
455 635 675 729 improvisa,
699 639 832 728 partim
851 637 966 719 laeta,
991 634 1126 728 partim
1178 659 1284 729 quem
1300 649 1423 709 uterus
1438 638 1555 724 affert,
1580 641 1731 728 levatae,
1751 657 1786 714 et
1800 645 1976 717 foeliciter
1991 649 2174 719 elaetstae

136 740 270 825 tristia,
302 741 342 810 in
363 740 500 833 quibus
523 739 592 810 Dei
619 739 856 812 certissimam
884 737 1125 831 praesentiam
1176 752 1260 810 sunt
1282 763 1346 831 per
1369 741 1618 815 acerbissimos
1637 746 1780 820 dolores
1795 762 1946 840 pertus,
1982 751 2048 846 qni
2070 775 2169 822 non-

136 867 261 914 omnes
274 842 402 913 attenti
419 842 671 935 experiuntur:
706 841 810 912 valde
826 842 973 933 prodest
993 863 1127 933 pueros
1176 865 1365 936 nunquam
1395 843 1572 916 enitentes
1602 858 1734 920 matter
1763 875 1837 920 una
1861 875 1944 922 eum
1970 851 2167 926 tutantibus

135 943 304 1037 aprinis
324 943 448 1016 statim
471 943 576 1016 annis
595 943 774 1016 welseri
795 945 841 1014 ad
859 939 953 1016 bruc
977 943 1126 1034 diligen·
1176 943 1429 1018 miserabiliter
1441 945 1672 1038 extinguunt,
1698 963 1829 1044 etpost
1843 967 1987 1046 parturn
2003 956 2165 1026 luelieem

135 1049 244 1132 tiam,
270 1059 312 1117 ut
331 1058 494 1138 tempora
517 1046 664 1118 illorum
679 1045 936 1120 benebdornm
953 1043 1022 1116 Dei
1044 1044 1125 1114 dili·
1176 1058 1327 1140 uterque
1348 1071 1480 1138 parens
1502 1071 1633 1137 magna
1656 1053 1701 1124 de
1733 1055 1838 1128 nobis
1866 1057 2106 1129 sollieitudine
2130 1071 2169 1130 et

135 1161 270 1245 genter·
284 1149 474 1222 observent
497 1161 532 1220 et
557 1161 752 1234 annotent,
784 1173 825 1222 ac
841 1149 898 1220 vel
913 1144 982 1220 boc
997 1148 1123 1220 saltem
1178 1162 1274 1221 metu
1288 1149 1471 1234 liberatus,
1497 1155 1564 1224 no's
1579 1177 1702 1228 reeens
1718 1157 1833 1230 editos
1845 1160 1941 1234 ulnis
1954 1159 2039 1245 suis,
2066 1182 2168 1233 ostu-

135 1250 245 1327 modo
267 1249 319 1348 itti
342 1251 584 1346 deplorandae
607 1252 788 1323 securitati
810 1264 846 1323 et
860 1249 1036 1322 oblivioni
1051 1274 1125 1320 me·
1175 1251 1219 1323 lis
1236 1266 1272 1322 et
1285 1251 1355 1345 piis
1369 1253 1462 1324 votis
1478 1253 1593 1328 laetus
1608 1261 1758 1350 excepit,
1783 1275 1820 1330 et
1836 1263 1942 1333 omni
1952 1263 2065 1334 animi
2081 1285 2168 1334 eura

134 1358 308 1440 deantur,
342 1377 434 1451 quae
457 1354 548 1425 solet
568 1351 675 1425 etiam
693 1349 797 1431 bouis
807 1353 949 1452 alioqui
967 1350 1125 1423 homini·
1177 1377 1219 1426 ac
1233 1357 1354 1426 studio
1368 1355 1573 1448 complexus
1589 1373 1653 1432 est.

133 1460 202 1532 bus
225 1457 421 1551 obrepere,
441 1455 503 1527 ita
528 1469 572 1526 ut·
589 1457 697 1550 paulo
723 1469 823 1550 post,
855 1481 963 1553 quarn
996 1455 1053 1526 vel
1082 1479 1125 1526 ex
1277 1455 1333 1528 Eo
1359 1459 1417 1528 die
1438 1483 1518 1528 eum
1544 1461 1620 1530 nati
1644 1451 1799 1536 essemus
1821 1468 1859 1536 in
1875 1479 1977 1540 reatu
1995 1465 2070 1538 irae
2085 1467 2169 1554 Dei,

134 1551 294 1656 periculo
320 1558 441 1659 aliquo
467 1559 581 1630 atroci
604 1559 738 1653 erepti,
768 1560 824 1630 vel
848 1559 1039 1633 commodo
1061 1557 1125 1628 ali·
1176 1570 1212 1630 et
1235 1561 1372 1630 aeterni
1394 1560 1512 1646 esitii,
1549 1577 1738 1655 parentum
1765 1569 1823 1662 pia
1849 1568 2018 1642 sedulitas
2040 1569 2169 1642 detulit

134 1689 208 1762 quo
224 1663 405 1838 insperato
425 1661 597 1735 divinitus
619 1663 714 1736 aucti
722 1655 769 1759 ι1)
791 1675 894 1747 sunt,
921 1685 1065 1732 omnem
1083 1659 1126 1730 il·
1175 1685 1242 1733 nos
1258 1661 1595 1763 primumprecibus
1611 1669 1818 1744 ardentibus
1838 1675 1883 1742 ad
1902 1673 2019 1765 ipsum
2037 1659 2168 1759 Deum,

133 1767 253 1866 lorum
307 1790 461 1838 enorum
493 1769 707 1838 memoriam
740 1767 819 1838 aliis
848 1763 1124 1858 cogitationibus
1175 1764 1305 1836 deiude
1326 1764 1433 1836 etiam
1452 1769 1496 1838 ad
1512 1767 1749 1842 ministerium
1764 1773 1896 1866 ipsius,
1927 1773 1990 1845 ubi
2010 1797 2169 1848 ceremo-

134 1870 251 1942 excuti
263 1869 331 1940 sibi
347 1883 410 1956 aut
426 1869 531 1940 obrui
546 1871 741 1962 patiantur.
846 1879 851 1890 ’
1176 1866 1235 1938 nia
1254 1865 1488 1967 Baptismi¹')
1516 1894 1536 1940 a
1555 1867 1698 1946 Christo
1720 1875 1881 1954 instituta
1905 1877 2029 1949 inserti
2045 1876 2167 1948 Eccle-

219 1960 331 2072 -lluie
369 1971 605 2064 negligentiae
649 1984 683 2043 et
722 1971 906 2042 affectatae
950 1962 1125 2040 oblivioni
1176 1969 1266 2054 siae,
1293 1984 1329 2040 et
1345 1974 1547 2066 regenerati
1562 1999 1706 2064 sumus,
1730 1990 1767 2050 et
1787 1981 1968 2052 consecuti
1988 1981 2168 2054 remissio-

134 2074 304 2149 omnibus
320 2073 386 2144 viis
402 2078 660 2152 occurrendum
678 2087 747 2158 est,
777 2098 856 2146 cum
874 2071 1047 2164 flagitiosa
1067 2067 1124 2152 sit,
1176 2097 1258 2143 nem
1283 2088 1532 2164 peccatorum,
1565 2079 1649 2148 iacti
1675 2105 1809 2153 suiuus.
1819 2083 1883 2152 filii
1899 2081 1987 2166 Dei,
2018 2083 2107 2154 socii
2133 2095 2169 2154 et

133 2193 170 2248 et
194 2177 339 2268 indigna
360 2175 428 2269 piis
449 2175 602 2261 animis,
626 2203 715 2271 quos
733 2175 856 2254 omnia,
872 2171 941 2244 Dei
958 2197 1069 2266 opera
1086 2171 1123 2240 in
1176 2171 1348 2248 haeredes
1363 2176 1499 2250 aeterni
1517 2179 1631 2278 regni,
1656 2198 1823 2270 aeternae
1839 2185 2043 2258 iustitiaeet
2060 2186 2167 2256 vitae.

133 2292 328 2378 conspectu
354 2275 510 2376 habere,
543 2293 579 2350 et
601 2293 772 2372 perpetua
796 2275 1013 2370 gratitudine
1036 2273 1125 2344 cele·
1175 2275 1228 2347 lta
1253 2280 1378 2351 eodem
1402 2278 1460 2349 die
1484 2277 1591 2354 simul
1616 2287 1653 2356 in
1676 2283 1770 2360 hanc
1792 2287 1903 2363 vitam
1930 2287 2170 2385 temporalem

131 2385 241 2454 brare
257 2385 377 2468 decet,
398 2407 472 2454 non
489 2381 571 2452 ideo
586 2394 727 2484 tantum
735 2433 748 2466 ,
773 2395 813 2452 ut
827 2379 944 2453 Deum
960 2392 1122 2452 autorem
1147 2453 1152 2482 t
1175 2380 1325 2472 ingressi
1341 2407 1484 2466 sumus,
1510 2396 1546 2454 et
1561 2383 1711 2463 alteram
1730 2392 1940 2469 duraturam
1959 2391 1999 2460 in
2016 2388 2169 2477 aelami.

132 2500 319 2580 tantorum
344 2487 524 2559 bonorum
551 2499 587 2558 et
608 2484 899 2582 liberationum,
916 2479 1036 2551 debito
1059 2477 1125 2550 ho·
1175 2495 1285 2554 tatem
1304 2481 1564 2572 inchoavimus.
1818 2566 1821 2579 Ι
2093 2491 2097 2498 ’

131 2615 224 2660 nore
254 2586 482 2685 gratitudinis
514 2586 653 2674 colant,
692 2587 884 2660 sedetiam
906 2597 946 2666 ut
968 2609 1005 2655 se
1028 2583 1125 2678 ipsos
1279 2583 1402 2681 Quare
1431 2589 1683 2681 aequissimum
1706 2605 1778 2680 est,
1816 2619 1883 2668 nos
1907 2591 2037 2669 burum
2060 2598 2169 2681 bene·

131 2693 286 2766 subinde
309 2691 523 2777 mussitent,
553 2691 591 2778 in
606 2691 713 2763 rebus
734 2687 896 2762 secundis
913 2687 1058 2784 quidem
1079 2686 1124 2756 ad
1174 2687 1338 2762 fidorum
1361 2692 1574 2788 memoriam
1599 2719 1678 2771 cum
1705 2696 1794 2768 alias
1816 2721 1941 2790 saepe,
1971 2711 2048 2768 tum
2064 2719 2168 2788 prae-

131 2795 301 2871 timorem
318 2792 386 2866 Dei
401 2809 437 2866 et
453 2799 498 2866 ad
511 2795 746 2880 modestiam,
775 2816 820 2864 ne
836 2815 901 2887 per
916 2790 1125 2884 impruden·
1176 2791 1278 2886 cipue
1293 2793 1350 2865 die
1366 2793 1479 2865 natali
1499 2807 1624 2868 nostro
1646 2821 1843 2884 renovare,
1874 2811 1910 2868 et
1923 2797 2002 2869 Deo
2025 2798 2166 2869 ardenti

131 2901 222 2972 tiam
246 2912 310 2972 aut
331 2897 438 2968 aliam
463 2897 610 2990 culpam,
627 2921 728 2968 suam
745 2895 964 2968 calamitates
982 2892 1050 2965 sibi
1068 2916 1125 2962 ac·
1175 2908 1319 2990 pectore
1339 2896 1474 2990 gratias
1491 2922 1618 2992 agere,
1653 2915 1728 2972 non
1753 2903 1863 2974 modo
1884 2927 1953 2995 pro
1976 2901 2071 2974 illius
2093 2899 2166 2971 diei

131 3015 295 3086 cersant,
320 3000 453 3072 similes
477 2999 564 3085 illis,
591 3025 634 3070 ex
657 3000 786 3094 quibus
807 3023 842 3072 se
861 2997 1056 3094 aliquando
1072 2995 1125 3064 di·
1176 2999 1374 3084 beneficiis,
1407 3023 1530 3071 verum
1556 3003 1664 3074 etiam
1688 3027 1757 3098 pro
1778 3005 1918 3099 reliqua
1935 3005 2073 3075 infinita
2090 3004 2166 3076 eius

130 3107 269 3181 vinitas
299 3116 474 3188 extractos
503 3125 577 3174 esse
609 3103 861 3182 recordantur;
901 3099 938 3170 in
968 3097 1125 3169 adversis
1175 3101 1355 3186 bonitate,
1388 3127 1458 3198 qua
1481 3129 1547 3178 uos
1570 3107 1615 3176 ab
1639 3106 1701 3177 illo
1725 3108 1782 3180 die
1808 3131 1969 3198 egressus
1990 3107 2107 3178 nostri
2125 3130 2166 3176 ex

130 3235 222 3284 vero
247 3209 371 3289 rebus,
401 3211 449 3308 ¹ad
475 3205 767 3298 implorationem
790 3216 826 3275 et
842 3203 1123 3300 expectationem
1175 3216 1279 3276 utero
1300 3217 1487 3289 materno,
1507 3191 1562 3276 'ad
1587 3222 1810 3300 praesentem
1830 3234 1943 3305 usque
1960 3203 2087 3280 boram
2105 3209 2168 3280 be·

130 3313 279 3384 divinae
305 3311 384 3404 opis
406 3334 446 3380 ac
463 3307 707 3393 liberationis,
733 3331 841 3402 quam
860 3317 963 3375 antea
980 3326 1125 3400 quoque
1177 3305 1283 3398 nigne
1307 3307 1484 3394 defendit,
1511 3307 1620 3394 aluit,
1645 3310 1845 3408 narnien),
1872 3323 1908 3382 et
1930 3309 2168 3383 conservavit.
2280 3359 2283 3366 -

130 3418 171 3488 in
206 3414 313 3488 rebus
345 3414 495 3484 fortasse
529 3411 641 3504 magis
669 3409 843 3482 intricatis
869 3421 903 3480 et
929 3405 1125 3502 desperatis
1176 3408 1287 3480 Decet
1313 3409 1421 3480 etiam
1444 3433 1511 3482 nos
1531 3414 1656 3484 eodem
1677 3415 1735 3486 die
1747 3413 1863 3486 Deum
1882 3436 2006 3498 orare,
2032 3425 2072 3484 ut
2084 3411 2167 3483 reli-

128 3533 219 3597 sunt
238 3516 386 3608 experti.
1176 3537 1288 3607 quum
1316 3512 1411 3584 vitae
1431 3526 1575 3584 nostrae
1598 3517 1814 3589 curriculum
1840 3517 2033 3586 clementer
2053 3525 2166 3607 regat,

239 3621 360 3713 Quare
383 3619 521 3690 dabunt
544 3641 691 3712 operam
713 3615 858 3710 ingenui
878 3613 1000 3708 pueri,
1029 3623 1126 3682 utet
1176 3640 1314 3710 nosque
1345 3617 1510 3700 adiuvet,
1549 3631 1590 3688 ut
1618 3621 1796 3712 possimus
1816 3645 1890 3692 esse
1913 3609 2025 3714 σκεύη
2046 3613 2167 3700 ἐλέους

130 3725 226 3799 alios
248 3723 323 3794 dies
341 3721 531 3814 diligenter
544 3721 583 3790 in
598 3745 663 3794 suo
679 3718 893 3792 Calendario
910 3713 1125 3798 adscribant,
1176 3717 1344 3789 salutaria
1369 3719 1472 3792 nobis
1493 3717 1580 3810 ipsis
1602 3735 1637 3794 et
1652 3713 1850 3808 Ecclesiae,
1878 3745 1919 3790 ac
1935 3721 2086 3790 intanta
2102 3742 2169 3788 uo·

130 3828 266 3926 quibus
286 3851 324 3900 se
349 3838 412 3896 aut
427 3825 473 3896 in
496 3848 628 3923 magno
651 3823 746 3894 vitae
763 3819 990 3903 discrimine,
1016 3817 1125 3910 apri·
1176 3833 1249 3893 stra
1272 3821 1512 3891 imbecillitate
1532 3835 1677 3896 tueatur
1698 3839 1732 3900 et
1751 3835 1923 3897 sustentet
1938 3848 2004 3894 nos
2020 3824 2065 3892 ad
2081 3821 2169 3890 alte-

129 3933 203 4004 mis
228 3926 401 3998 infantiae
423 3928 526 3998 annis
546 3925 718 3998 divinitus
740 3937 900 3997 servatos
923 3946 943 3991 a
968 3919 1124 4015 parenti·
1176 3947 1256 3994 rum
1290 3949 1402 4018 usque
1432 3924 1644 4012 transitum,
1683 3955 1756 4024 quo
1780 3951 1904 3998 rursus
1928 3951 1970 3996 ex
1990 3919 2058 3995 hac
2081 3925 2167 4009 vita,

128 4037 200 4106 bus
230 4031 303 4104 suis
332 4031 542 4114 audierunt,
582 4043 643 4100 aut
672 4029 795 4124 aliquo
820 4027 1003 4121 insperato
1026 4025 1124 4096 bono
1176 4038 1348 4121 tanquam
1371 4052 1413 4098 ex
1439 4025 1520 4096 alvo
1545 4045 1709 4102 materna
1733 4044 1769 4101 et
1788 4029 1991 4101 tristissimo
2012 4050 2165 4111 carcere,

128 4136 336 4209 cumulatos
367 4158 440 4204 esse
468 4133 729 4217 meminerunt,
768 4143 803 4200 et
830 4130 870 4199 in
889 4128 1016 4222 primis
1042 4151 1123 4197 eum
1176 4127 1212 4198 in
1236 4129 1354 4200 sinum
1379 4144 1416 4200 et
1435 4131 1658 4225 complexum
1674 4131 1761 4217 Dei,
1788 4147 1823 4202 et
1847 4143 2029 4200 aeternam
2049 4128 2164 4199 lucem

128 4239 231 4310 diem
255 4230 444 4334 diligenter
469 4261 512 4307 ex
535 4235 742 4326 parentibus
762 4233 984 4305 sciscitentur
1009 4241 1044 4300 et
1060 4253 1125 4300 no·
1176 4231 1343 4302 arvitam
1363 4233 1574 4320 educemur,
1601 4250 1636 4308 et
1648 4249 1789 4330 petere,
1816 4247 1873 4317 ut,
1898 4233 1989 4304 sicut
2007 4230 2111 4302 nobis
2128 4230 2166 4298 in

11 4353 17 4372 ²
128 4354 232 4425 tent,
258 4364 331 4434 quo
357 4352 440 4410 sunt
460 4365 503 4410 ex
523 4351 626 4409 utero
649 4350 814 4408 materno
838 4335 876 4404 in
899 4330 1124 4404 hauclucem
1174 4335 1294 4427 primo
1318 4335 1413 4404 exitu
1437 4350 1561 4408 nostro
1585 4365 1627 4410 ex
1649 4339 1774 4410 matris
1797 4349 1922 4420 utero,
1955 4359 2018 4404 ceu
2044 4333 2166 4406 sedula

128 4441 312 4540 producti.
372 4441 465 4515 Nam
490 4466 569 4512 cum
592 4437 651 4510 hic
674 4439 750 4510 dies
773 4437 878 4508 nobis
898 4458 1123 4510 summorum
1176 4449 1211 4507 et
1233 4436 1398 4508 salutaris
1422 4439 1594 4512 obstetrix
1616 4441 1748 4527 adsuit,
1782 4439 1829 4508 ita
1855 4437 2000 4509 alterius
2021 4459 2166 4531 qnoque

126 4546 389 4621 beneficiorum
407 4543 476 4614 Dei
496 4543 710 4614 memoriam
735 4541 950 4612 inanimum
968 4551 1124 4621 revocet,
1176 4565 1335 4632 egressus
1362 4539 1478 4612 nostri
1499 4567 1542 4611 ex
1563 4538 1631 4614 hac
1653 4543 1725 4614 vita
1750 4543 1993 4614 difficultatem
2016 4553 2050 4609 et
2072 4537 2167 4630 peri-

126 4672 265 4724 sumuo
288 4647 407 4720 studio
430 4660 481 4718 est
506 4648 769 4728 observandus,
811 4655 846 4714 et
867 4654 966 4736 grata
994 4665 1035 4712 ac
1064 4640 1122 4734 pia
1176 4645 1273 4727 cula,
1300 4668 1363 4713 sua
1384 4645 1594 4740 praesentia¹
1612 4661 1646 4717 et
1671 4645 1802 4739 auxilio
1820 4645 2013 4734 clementer
2027 4641 2167 4732 mitiget

127 4751 269 4826 laetitia
285 4751 479 4844 quotannis
493 4750 737 4820 celebrandus.
1176 4759 1211 4815 et
1237 4745 1420 4840 gubernet.

236 4853 291 4924 Eo
325 4855 420 4924 euim
450 4853 508 4927 die
534 4877 575 4922 ex
603 4851 762 4933 tristibus
786 4847 941 4918 tenebris
969 4845 1122 4916 materni
1278 4847 1346 4918 Sed
1379 4849 1487 4940 nimis
1519 4851 1581 4922 diu
1612 4851 1773 4922 fortassis
1800 4847 1943 4920 detineo
1964 4841 2032 4916 bac
2057 4847 2164 4938 longa

126 4955 241 5042 uteri,
267 4971 438 5050 tanquam
460 4980 502 5026 ex
515 4957 607 5028 duro
624 4977 775 5035 carcere,
804 4951 839 5020 in
856 4946 948 5021 banc
965 4949 1122 5041 amplam
1176 4942 1519 5021 commemoratione
1540 4949 1736 5026 utilitatum
1760 4979 1839 5036 eos,
1873 4948 1934 5048 qui
1960 4951 2074 5043 ipsam
2099 4947 2168 5027 Ca-,

126 5063 254 5134 sedem
271 5061 450 5154 perfusam
467 5057 610 5128 coelesti
626 5058 723 5142 luce,
749 5079 870 5127 sumus
895 5051 1061 5134 extracti,
1089 5063 1124 5119 et

127 5167 169 5234 in
193 5162 258 5232 illo
283 5161 438 5232 transitu
460 5159 692 5241 difficillimo,
732 5171 767 5228 et
789 5158 878 5227 dura
909 5154 1122 5226 tractatione

1210 5221 1259 5282 tt)
1276 5219 1381 5282 nllus]
1399 5219 1442 5272 rto
1457 5221 1509 5274 ltal.
1520 5219 1564 5286 ’.ς
1587 5219 1642 5272 ld.
1657 5220 1681 5276 t.
1698 5217 1788 5282 tertre

126 5321 342 5342 ----··
1114 5323 1117 5334 ·
1210 5306 1259 5364 ts)
1277 5305 1427 5370 repetent]
1446 5305 1487 5356 sto
1503 5305 1555 5358 Ed.
1568 5303 1614 5368 ις
1635 5305 1671 5354 ets
1688 5303 1739 5354 u
1752 5305 1778 5356 t.
1795 5303 1884 5354 ebert.

167 5396 219 5465 10)
238 5397 326 5460 euotl]
344 5395 387 5449 sis
402 5395 455 5449 rt.
466 5396 513 5462 Μ
534 5397 586 5450 lt.
600 5397 625 5446 t.
640 5393 734 5446 electi
1210 5390 1259 5452 ts)
1278 5389 1403 5458 tecum]
1427 5391 1467 5443 ete
1483 5389 1533 5442 Ed.
1546 5389 1572 5444 1.
1580 5405 1591 5457 3
1616 5389 1668 5441 tta
1679 5389 1705 5440 t.
1720 5385 1853 5451 instituit,
