4920 5956
117 195 194 268 tot
620 193 696 268 vlt.
749 189 1116 268 compnnntnttta
1150 189 1466 264 DldlrECTlOES
1496 189 1659 293 RATIO.
2072 193 2161 268 ’764

118 377 264 460 peceat,
297 369 395 462 quod
420 379 578 460 quatuor
600 365 763 436 terminis
788 367 931 436 coniicit
952 364 1116 458 syllogis-
1167 364 1243 436 sols
1262 362 1374 432 animi
1390 365 1606 456 cogitatione
1631 363 1852 457 deprehendi
1874 378 2003 458 potest.
2032 365 2160 438 -Prisl-

118 493 211 540 mos.
263 468 338 542 Nec
352 469 469 538 variet
486 470 539 540 vis
556 470 836 552 vocabulorum,
859 469 896 538 id
915 470 1011 563 quod
1032 490 1116 538 nus
1169 467 1292 558 cipalis
1309 466 1479 561 cuiusque
1502 470 1705 560 argumenti
1721 493 1824 561 pars,
1848 471 2067 554 subiectam,
2091 467 2162 547 hoc

120 595 230 666 quam
247 595 323 640 uon
339 571 457 641 cerosi
475 571 550 641 vult
564 571 781 647 dialecticus.
833 569 929 640 Male
945 571 1041 638 enim
1059 593 1116 638 ar-
1149 581 1221 646 ,est
1237 569 1393 660 primum
1411 573 1624 642 vocabulum
1647 569 1834 656 thematis,
1860 585 1911 642 eet
1920 623 1932 658 ,
1960 575 2076 666 dequo
2097 575 2161 644 illo

121 675 408 765 gumentaber'is,
434 674 535 746 sisic
554 673 772 768 colliges⁸¹):
815 669 946 744 Omnis
963 673 1117 766 polypus
1170 671 1307 766 aliquid
1339 671 1491 756 dieitur,
1532 687 1572 743 ut
1601 669 1777 766 Voluptas
1812 687 1863 745 est
1896 675 2051 758 bonum,
2091 698 2163 746 sou

121 791 175 848 est
189 775 307 869 piscis,
332 775 640 870 morbusquidam
658 776 814 869 polypos
829 787 893 858 est,
917 797 1004 866 ergo
1021 795 1119 844 mor-
1169 775 1398 867 principalis,
1422 776 1587 869 basisque
1603 777 1711 848 totius
1729 776 1981 868 disputationis
1995 779 2163 870 voluptas

121 881 189 949 bus
211 879 359 974 quidam
385 878 491 971 piscis
515 891 580 950 est.
636 875 822 961 Breviter,
854 877 1118 958 inlpelieissime
1170 889 1243 960 est,
1285 877 1400 971 deque
1426 901 1467 947 ea
1492 877 1626 948 bonum
1652 880 1794 950 dicitur.
1860 879 2064 972 Propterea
2073 902 2162 950 ‘eum

119 981 286 1072 colliges,
307 979 378 1052 uisi
394 984 467 1052 duo
480 979 743 1072 simplioissima
760 981 939 1050 axiomata
956 1001 1118 1062 consuas,
1170 978 1383 1070 vestigatur,
1426 1005 1539 1073 quase
1568 985 1611 1050 de
1644 983 1827 1074 voluptate
1849 983 2163 1067 dicatur'bonum,

121 1085 163 1152 in
188 1083 318 1178 quibus
339 1083 555 1154 uocabulum
578 1107 692 1154 nuum
718 1083 773 1154 bis
800 1096 1006 1176 usurpetur.
1071 1081 1119 1150 At
1169 1079 1286 1174 prima
1306 1082 1502 1175 syllogismi
1523 1107 1623 1174 pars,
1650 1109 1713 1154 seu
1730 1083 1886 1176 primum
1911 1088 2052 1154 axioma
2077 1107 2163 1154 euss-

122 1209 335 1256 revocemus
349 1185 546 1280 syllogismi
560 1198 728 1256 naturam
741 1187 788 1256 ad
805 1184 917 1254 animi
933 1185 1119 1268 indicium,
1169 1184 1307 1269 licitur,
1347 1185 1476 1254 deinde
1504 1209 1544 1254 ea
1580 1189 1654 1278 ipsa
1677 1211 1811 1270 ⁴caussa
1847 1189 1893 1254 ad
1927 1189 2163 1280 voluptatem,

122 1301 166 1360 ut
194 1287 417 1378 intelligatur
448 1311 525 1360 esse
544 1289 719 1360 naturalis
746 1290 923 1383 quaedam
951 1283 1120 1359 thematis
1171 1289 1333 1382 adeoque
1361 1288 1407 1356 ad
1439 1288 1594 1360 cuiusvis
1623 1285 1790 1361 thematis
1820 1289 2017 1360 subiectum
2049 1287 2163 1383 appll-

125 1391 307 1484 probeudi
327 1386 537 1476 methodus,
576 1391 684 1462 etsie
705 1390 906 1483 compingi,
945 1404 987 1459 nt
1014 1389 1120 1460 aliter
1171 1403 1269 1474 cata,
1315 1389 1551 1481 posteriorem
1595 1393 1792 1486 syllogismi
1833 1405 1971 1483 partem
2009 1392 2163 1462 coniicit.

126 1517 202 1563 non
217 1493 334 1584 possit
346 1508 409 1564 aut
424 1495 563 1564 debeat.
613 1487 805 1588 Atquehic
820 1491 1025 1562 dialecticae
1045 1514 1121 1562 cer·
1171 1489 1356 1564 Posterior
1369 1489 1537 1564 themata
1553 1517 1637 1586 pars
1654 1495 1692 1564 in
1708 1494 1865 1586 primum
1885 1495 2050 1564 collocari
2065 1494 2163 1565 asie

126 1595 320 1666 titudinem
338 1608 392 1666 est
416 1609 596 1690 spectare,
620 1599 721 1690 qued
744 1596 864 1666 nullae
886 1590 1120 1668 suntllheto·
1172 1619 1229 1664 ma
1248 1597 1375 1680 debet,
1402 1619 1482 1666 cum
1499 1621 1621 1669 caussa
1644 1600 1840 1692 probante;
1871 1600 1974 1688 prisc
1994 1593 2164 1668 thematis

126 1723 209 1770 rum
228 1698 481 1790 probationes,
508 1721 603 1792 quae
615 1721 691 1768 non
715 1698 873 1792 possint,
904 1721 1120 1792 quocunque
1172 1721 1256 1790 pars
1274 1706 1425 1791 occupat
1442 1702 1637 1770 secuudum
1654 1701 1817 1784 axioma,
1843 1723 1923 1770 cum
1940 1721 2063 1770 caussa
2078 1719 2164 1792 pro-

127 1803 238 1872 modo
253 1799 390 1886 dictae,
415 1801 520 1874 aliae:
539 1801 632 1885 diei,
661 1825 786 1872 verum
809 1801 1014 1870 dialecticae
1037 1823 1121 1892 pro·
1172 1803 1303 1886 hante,
1341 1823 1451 1896 quam
1473 1802 1692 1874 Aristotelici
1712 1803 1871 1872 medium
1893 1815 2037 1874 vocant.
2095 1800 2163 1872 tttc

57 1976 62 1985 ,
125 1905 294 1974 bationes
318 1906 363 1975 ab
392 1903 470 1996 ipsa
502 1903 644 1976 netura‘
665 1903 716 1974 sie
747 1904 852 1974 nobis
880 1902 1121 1995 praescriptae
1173 1927 1260 1974 vero
1275 1905 1386 1987 ordo,
1412 1916 1488 1974 uta
1511 1919 1639 1976 natura
1664 1906 1904 1999 praescriptas
1926 1917 1998 1991 est,
2030 1905 2080 1976 ite
2102 1899 2182 1974 ne·

127 2019 232 2091 sunt,
266 2019 327 2090 ut,
352 2009 450 2103 qnod
467 2009 513 2078 ad
528 2018 824 2098 argumentorum
839 2008 995 2076 formam
1012 2005 1122 2098 perti-
1174 2006 1431 2090 eessmiusest,
1457 2021 1492 2076 et
1514 2009 1701 2079 immutari
1723 2011 1867 2103 nequit,
1902 2021 2025 2103 estque
2046 2006 2165 2078 omnis

121 2122 212 2193 -net,
246 2109 381 2182 mutari
403 2109 504 2193 nullo
525 2123 633 2202 paeto
655 2122 803 2203 queant.
870 2109 989 2201 Quem
1014 2108 1122 2202 syllo-
1173 2109 1398 2203 syllogismus
1414 2112 1691 2206 consequentia,
1715 2126 1756 2182 ut
1776 2123 1928 2196 vocant,
1952 2111 2165 2182 necessarie.

126 2213 328 2304 gisinarum
362 2237 466 2284 nsum
500 2212 641 2284 utinam
674 2207 992 2304 deprehendissent
1020 2207 1123 2284 echo
1249 2279 1258 2296 ,
1433 2277 1443 2296 ,
1744 2281 1752 2298 ,

119 2318 204 2400 lae,
245 2317 554 2399 etosteodareot,
593 2315 798 2410 quieurmue
822 2326 1004 2397 oratores,
1045 2327 1122 2385 tum
1147 2299 1150 2389 l
1175 2281 1291 2373 Qum
1318 2279 1369 2352 M·
1396 2279 1555 2370 clem
1582 2282 1899 2400 ⁸5¹¹⁰⁸¹⁸f¹¹lf¹¹¹
1932 2293 2081 2366 νοω·
2121 2293 2167 2352 ‘t

126 2441 272 2501 meros„
286 2430 362 2490 tum
379 2412 589 2513 prophanas
605 2430 795 2502 enarrant,
819 2429 862 2487 ut
874 2415 1028 2509 spectari
1042 2439 1124 2513 pos-
1148 2400 1151 2493 l
1427 2386 1651 2478 q⁰⁰m⁰d⁰
1679 2386 1918 2456 ⁶⁰¹¹f¹⁰¹³h

126 2534 209 2593 sent
237 2522 458 2594 nesemasiae
491 2534 527 2592 et
557 2519 785 2592 inviolabiles
814 2515 1014 2592 thematum
1038 2503 1151 2635 pro-l
1277 2515 1394 2587 Velim
1425 2520 1613 2592 arnticium
1645 2523 1866 2594 dialecticum
1901 2547 1984 2594 cum
2013 2519 2168 2596 rhetori·

127 2623 325 2706 batione..
355 2625 483 2720 Neque
497 2627 607 2694 modo
622 2622 822 2696 siceruditi
842 2623 1035 2715 eolligunt,
1062 2633 1126 2692 aut
1149 2648 1151 2656 ⁴
1175 2618 1226 2692 eis
1251 2619 1302 2689 ita
1334 2643 1477 2713 semper
1504 2624 1728 2717 comparari,
1765 2639 1807 2697 ut
1829 2639 2050 2719 spectaretur
2070 2625 2166 2696 idem

127 2727 405 2802 ratiocinantur.
456 2728 527 2798 Sed
546 2741 582 2799 et
602 2751 734 2821 pueros
757 2739 793 2798 et
813 2727 944 2797 idiotes
964 2725 1042 2818 ipsa
1060 2726 1124 2794 do·
1176 2743 1251 2794 esse
1276 2723 1377 2808 luris,
1415 2724 1583 2820 idemque
1613 2751 1697 2799 usus
1719 2726 1921 2800 rhetoricae
1945 2749 1987 2799 ac
2008 2727 2168 2800 dialecti-

128 2847 187 2907 cet
201 2846 332 2904 natura
355 2827 578 2902 ratiocinari.
628 2830 843 2924 liquorum
865 2853 928 2899 ore
950 2828 1124 2899 indicium
1176 2848 1249 2896 cae.
1302 2825 1424 2917 Quare
1441 2841 1476 2896 et
1492 2825 1654 2900 hocloco
1673 2830 1787 2902 visum
1806 2846 1858 2904 est
1880 2829 1970 2902 mihi
1992 2833 2168 2917 conterre,

128 2936 331 3033 syllogismi
343 2950 437 3030 pete,
453 2959 529 3006 uon
544 2933 733 3006 erancidis
744 2932 1012 3004 dialecticorum
1028 2955 1125 3001 com·
1176 2951 1269 3022 quae
1289 2931 1333 2997 de
1353 2929 1569 3023 syllogismis
1591 2936 1635 3002 ab
1647 2933 1887 3007 Aristotelicis
1909 2936 2053 3027 prodita
2073 2942 2169 3018 sunt,

128 3040 330 3112 mensariis.
381 3039 429 3109 Et
442 3038 600 3132 primum
622 3037 768 3133 quidem
790 3035 1016 3131 syllogismus
1041 3057 1126 3126 pro-
1150 3025 1152 3124 l
1177 3055 1258 3100 cum
1280 3031 1345 3115 iis,
1379 3057 1472 3125 quae
1495 3049 1579 3106 sunt
1600 3039 1696 3129 apud
1712 3038 1876 3109 Marcum
1896 3038 2104 3110 Ciceronem
2122 3037 2169 3106 ¹its

129 3145 234 3214 ilatio
259 3142 410 3214 slisuiau
435 3139 603 3212 mametis
631 3153 702 3224 est,
734 3141 887 3232 proinde
906 3133 1028 3208 thema
1052 3135 1126 3229 pri-
1150 3127 1152 3192 l
1175 3133 1279 3203 libris
1305 3135 1350 3202 de
1382 3134 1611 3222 inventione,
1651 3140 1737 3209 item
1767 3145 1863 3233 apud
1885 3141 2037 3212 Fabium
2047 3140 2096 3234 “l
2125 3145 2169 3211 de

130 3272 234 3318 snum
250 3245 374 3316 animo
400 3245 568 3338 concipe,
592 3246 695 3338 quod
712 3253 928 3334 argumento
955 3240 1126 3332 probatu·
1175 3231 1450 3329 Epieheremate
1481 3239 1576 3311 libro
1604 3243 1744 3340 quinto.
1809 3243 1857 3313 Et
1881 3245 1990 3336 plane
2015 3243 2170 3334 reipsa,

131 3375 195 3422 rus
211 3373 268 3432 es,
293 3349 432 3444 eritque
454 3347 671 3443 syllogismi,
696 3369 803 3439 quem
828 3346 1054 3415 confecturus
1075 3365 1125 3424 es,
1172 3362 1258 3410 eum
1274 3339 1326 3409 M.
1343 3337 1527 3428 Ciceroni,
1548 3357 1623 3414 tum
1642 3343 1757 3414 Fabio
1778 3347 1968 3416 uobiscum
1989 3345 2170 3436 convenit,

131 3451 328 3532 conclusio.
392 3451 510 3544 Vulgo
533 3450 595 3544 qui
619 3447 845 3543 syllogismos
866 3449 1040 3518 conficere
1062 3448 1127 3514 do-
1178 3444 1245 3514 etsi
1259 3441 1378 3514 verbis
1389 3441 1560 3515 nonnihil
1576 3461 1736 3519 anostra
1757 3471 1823 3520 usu
1844 3449 2011 3532 remotis,
2038 3447 2170 3518 discre-

132 3572 236 3642 ceut,
259 3582 336 3628 non
354 3557 554 3627 admonent
575 3577 594 3623 e
618 3549 838 3623 thematibus
860 3551 1062 3632 ducendos,
1090 3548 1128 3616 id
1178 3569 1267 3638 pare
1297 3545 1474 3618 videatur.
1536 3547 1654 3618 Verba
1690 3551 1784 3634 eius,
1825 3552 1855 3621 si
1887 3552 1967 3645 qais
1996 3551 2171 3644 requiret,

133 3663 235 3758 quod
253 3661 410 3732 maxime
433 3658 630 3741 relerebat,
656 3656 729 3726 sint
742 3678 828 3747 ergo
843 3649 1020 3724 themata:
1053 3649 1128 3720 Vo-
1152 3632 1155 3724 ἶ
1177 3648 1379 3720 subiiciam.
1456 3649 1826 3737 Ratiocinatio,
1852 3669 1905 3724 est
1949 3653 2087 3736 oratio,
2125 3672 2171 3722 es

132 3768 254 3858 luptas
268 3767 364 3834 bona
382 3776 446 3848 est,
473 3761 621 3832 Clodios
637 3759 716 3831 iure
737 3783 859 3832 caesus
877 3771 942 3844 est,
967 3756 1128 3827 Mundus
1152 3808 1155 3895 1
1178 3751 1256 3844 ipsa
1278 3775 1318 3822 re
1341 3753 1528 3844 probabile
1552 3753 1686 3849 aliqmd
1711 3757 1875 3840 eliciens,
1908 3759 2007 3851 quod
2033 3753 2172 3847 exposi-

132 3867 364 3962 providentia
386 3865 534 3958 regitur.
586 3863 732 3955 Singula
750 3863 898 3956 siugrdis
913 3858 1128 3956 syllogismis
1153 3921 1155 3961 Ι
1179 3869 1278 3939 tum,
1312 3867 1347 3924 et
1371 3873 1493 3947 perse
1520 3859 1724 3950 cognitum,
1762 3883 1825 3930 sua
1852 3882 1889 3930 se
1912 3860 1949 3926 vi
1972 3871 2008 3929 et
2029 3859 2171 3928 ratione

133 3972 355 4066 probaturus
363 3967 432 4066 ⁸⁸),
470 3991 631 4039 nussam
654 3991 824 4060 quaeres,
866 3978 928 4036 aut
956 3961 1127 4032 iudicium
1153 3972 1156 4015 ¹
1181 3959 1378 4031 ooulirmet.
1431 3959 1508 4033 ttae
1526 3963 1572 4030 de
1594 3983 1723 4052 genere
1743 3963 1808 4056 qui
1828 3963 2034 4058 diligentius
2056 3954 2172 4032 const

134 4077 392 4176 quodeunque,
408 4095 519 4168 quere
541 4071 813 4162 voluptasbona
828 4069 894 4151 sit,
921 4089 1032 4163 quare
1047 4063 1129 4135 Clo-
1153 4039 1156 4174 l
1177 4061 1380 4132 derandum
1397 4076 1740 4153 putaverunt,·cutn
1759 4067 1852 4134 idem
1877 4066 1916 4132 in
1940 4089 2008 4134 usu
2029 4064 2174 4134 dicendi

134 4185 219 4256 diue
243 4181 323 4252 iure
348 4201 469 4248 caeam
491 4176 557 4261 sit,
591 4199 743 4269 eamque
765 4193 925 4243 caussam
947 4193 1029 4240 cum
1053 4163 1130 4237 tho·
1154 4232 1157 4281 t
1179 4177 1434 4258 sequerentur,
1458 4168 1604 4257 paulum
1622 4168 1660 4235 in
1672 4167 1916 4259 praecipiendi
1936 4163 2077 4236 ratione
2102 4167 2173 4236 dts

134 4285 245 4357 matis
266 4282 470 4378 posteriore
488 4280 591 4372 parte
614 4303 679 4350 seu
704 4275 932 4368 praedicato,
971 4271 1129 4363 primum
1155 4281 1381 4364 transerunt.
1430 4267 1523 4340 Nam
1542 4271 1672 4361 partim
1693 4270 1853 4364 quinque
1869 4270 2172 4364 eiuspartes·esse

135 4391 338 4483 producas,
380 4385 518 4479 eritque
547 4382 689 4451 axioma
713 4403 778 4450 ceu
799 4375 1001 4448 communis
1022 4397 1131 4470 quae·
1155 4375 1158 4490 l
1180 4373 1369 4453 dixerunt,
1406 4371 1538 4461 partim
1563 4393 1639 4444 non
1669 4374 1768 4465 plus,
1811 4394 1919 4466 qnam
1953 4387 2024 4445 tres
2054 4387 2174 4465 partes

136 4497 224 4564 dam
241 4489 416 4563 sententia
440 4499 503 4556 aut
525 4507 676 4576 gnome,
710 4495 772 4552 aut
791 4481 891 4551 locus
918 4477 1131 4561 communis,
1155 4496 1158 4540 ι
1183 4497 1288 4567 posse
1318 4471 1484 4544 distribui
1512 4486 1742 4565 putaverant.
1801 4474 1938 4546 Eorum
1967 4480 2175 4547 controver-

137 4611 201 4683 ιιι,
234 4593 421 4689 Quidquid
445 4589 648 4681 appetitur,
677 4587 813 4656 honum
838 4595 908 4664 ests
943 4580 1053 4652 Cuius
1079 4581 1132 4651 vis
1181 4578 1276 4649 siam
1297 4599 1374 4645 non
1393 4575 1662 4650 incommedum
1686 4579 1847 4661 videtur,
1883 4603 1964 4648 cum
1992 4592 2174 4649 utrorum-

138 4698 268 4792 repelli
283 4695 427 4778 debuit,
452 4693 482 4763 is
498 4691 575 4762 iure
593 4713 714 4763 caesus
731 4701 800 4771 est,
825 4687 954 4756 deinde
972 4707 1130 4754 caussam
1183 4703 1254 4776 que
1269 4679 1410 4749 ratione
1426 4701 1615 4772 exponere.
1666 4681 1759 4753 Nam
1775 4681 1943 4751 etbrevts
1958 4693 2021 4774 est,
2049 4691 2176 4750 etnoh

137 4801 212 4874 hoc
230 4801 408 4871 axiomata
425 4815 649 4888 expressam,
675 4813 851 4883 compone
872 4813 953 4859 cum
973 4786 1132 4859 subiecto
1183 4783 1382 4869 eiusmodi,
1396 4795 1447 4853 ut
1464 4784 1566 4854 alteri
1582 4781 1835 4876 prorsnstnilsil
1849 4784 1967 4858 dicere
1983 4789 2176 4878 *putantum

139 4931 205 4978 seu
219 4905 458 4997 prioreparte
472 4893 661 4979 thematis,
688 4896 736 4964 ita
752 4907 835 4986 apte
856 4905 1027 4986 sequetur
1049 4913 1134 4960 eon-
1185 4900 1223 4956 et
1237 4883 1335 4958 lucus
1353 4883 1526 4956 hionebis
1543 4886 1582 4955 in
1598 4887 1751 4988 dicendo
1772 4878 1920 4956 misnae
1944 4879 2176 4978 negligendas

140 5005 313 5079 clusionis
329 5029 392 5077 seu
408 5002 466 5098 (ut
481 4999 608 5073 Cicero
624 4997 746 5092 vocat)
767 4993 1027 5088 complexionis
1045 4989 1135 5076 uice,
1186 4991 1340 5062 videtur.
1391 4989 1465 5081 Qui
1476 5001 1610 5080 putant
1631 4990 1847 5084 inquinqne
1868 4982 2177 5083 dllttillni'pas‘teb

141 5109 278 5182 thema.
329 5107 433 5178 Haec
450 5106 595 5199 quidem
620 5099 817 5196 syllogismi
840 5111 969 5169 natura
993 5109 1065 5180 est,
1098 5108 1137 5163 et
1188 5106 1375 5186 oportere,
1416 5092 1518 5161 aiunt
1550 5094 1708 5184 primum
1741 5089 1956 5175 convenire,
1998 5117 2177 5184 exponere

1187 5221 1363 5274 summam
1377 5195 1712 5287 acgusnentationis,
1735 5197 1782 5264 ad
1797 5189 2074 5268 huncrnoelum:
2102 5193 2178 5264 Me-

141 5267 352 5286 m

181 5349 231 5410 tt)
248 5320 350 5400 arnol.
370 5355 472 5410 marga
495 5339 639 5405 Ambigua.

180 5451 232 5510 ab)
250 5451 351 5500 Anuot.
369 5457 475 5510 marg:
498 5439 581 5496 ltettu
598 5436 778 5504 conponendi
795 5437 965 5504 syllogtsnt.
1163 5396 1167 5480 l
1225 5429 1276 5496 tt)
1293 5432 1357 5486 soit.
1377 5429 1490 5484 nablum
1506 5423 1745 5492 marimum*
1817 5425 1823 5445 ·
1927 5433 1939 5458 ι.
1971 5447 1974 5456 ·
2010 5432 2033 5452 ···
2089 5407 2126 5460 a*-
