4910 5964
130 259 209 344 Μ
408 263 467 342 lll.
519 265 585 339 DE
609 263 886 346 macriora
909 267 976 342 ΕΤ
1002 265 1354 345 couoNartouE
1378 263 1562 346 cauom
1586 271 1631 346 V.
1656 270 1895 349 CAESARIS.
2092 270 2170 354 494

125 438 416 533 bramimperii,
441 439 519 512 alne
532 441 997 544 autoritata‚'sineviribu's
1013 455 1124 535 mat.
1177 468 1325 516 morum
1356 435 1569 529 bominum,
1602 445 1666 540 qni
1696 469 1778 546 eum
1801 447 2080 520 familiarissime
2103 473 2172 522 no·

128 541 260 636 &aque
293 539 668 630 antestm=·Carolum·
688 543 927 618 Ardriducem
956 545 1124 618 Ameria
1178 559 1284 632 runt,
1309 557 1351 618 et
1366 546 1568 618 acutissime
1582 549 1638 618 dc
1660 548 1816 640 ingeniis
1834 550 1994 622 iudicare
2007 565 2171 643 possunt,

126 645 288 740 cacteris·
298 645 530 718 Germaniae·
545 649 797 742 principibus,
820 649 1124 738 etiueommoda,
1177 651 1361 742 exploravi
1385 651 1591 722 sententias.
1643 651 1690 720 Hi
1712 652 1871 744 probant
1891 655 2096 746 ingenium,
2114 679 2171 732 -ac
2283 651 2290 665 '

125 737 230 856 qnae
250 751 298 820 de
323 749 419 822 illios
437 749 613 824 electione
636 749 756 844 colligi
782 765 952 846 possunt,
985 751 1123 822 leviora
1177 755 1326 823 mirilico
1341 753 1838 827 eiusaouucemtaeuanc,
1909 765 1938 828 ².
2036 819 2053 829 ..

129 849 457 938 iudlcootrr'oibus,
482 845 576 949 quae
590 851 1125 950 alteriuscuiusquamelectio·
1271 857 1472 928 ¹Postremo
1488 857 1519 927 ai
1544 859 1589 926 dc
1610 853 1754 948 irrgcnlo
1777 857 1984 934 coniectura
2005 860 2169 938 socifflda

55 1003 66 1012 -
127 951 413 1028 nomentum
441 955 571 1029 meent.
626 958 799 1038 ¹Prilnum
831 958 1016 1050 urigocst
1041 974 1137 1042 vore,
1175 971 1229 1030 est
1244 963 1433 1052 inmatura
1450 959 1631 1030 nummu
1653 959 1754 1054 (quia
1773 961 1950 1057 quaedam
1971 960 2169 1038 similitudo

128 1050 368 1140 Germanicae
393 1081 473 1130 neo
505 1060 576 1130 dici
603 1073 743 1152 potest,
765 1085 841 1134 nos
868 1062 1124 1132 morracium
1175 1063 1371 1154 propagari
1389 1062 1790 1158 solet),meminimus,
1823 1076 1958 1158 quauta
1974 1063 2171 1152 visanimi,

127 1161 323 1255 imparium
348 1162 395 1231 ad
415 1175 578 1248 exteros,
599 1164 710 1234 ¹titulo
727 1177 831 1236 tanus
844 1163 1044 1258 principem
1059 1159 1124 1235 ba·
1175 1165 1388 1256 prudentia,
1407 1165 1561 1248 iustitia,
1587 1166 1775 1252 tortitudo,
1799 1167 2019 1240 continentia
2036 1169 2075 1238 in
2091 1167 2172 1242 Ma·

127 1266 214 1336 bere
239 1263 508 1337 Germanicum.
558 1267 724 1340 Possidet
746 1268 904 1338 enimin
927 1267 1122 1338 Germania
1176 1267 1496 1340 similianoluerit.
1541 1266 1583 1338 ln
1603 1279 1706 1361 patre
1723 1265 1893 1363 Philippo
1917 1271 2107 1344 dexteritas
2134 1283 2171 1343 et

125 1369 285 1443 ditiones
309 1365 502 1460 plurimas,
534 1391 628 1464 quae
653 1383 783 1464 parent
807 1383 933 1443 nostro
957 1370 1124 1463 imperio,
1174 1369 1350 1442 industria
1365 1369 1556 1463 singularis
1571 1384 1659 1443 erat.
1684 1373 1768 1446 Non
1782 1373 1910 1445 dubito
1927 1387 2060 1461 autem,
2079 1374 2169 1470 quin

128 1465 165 1542 et
181 1493 337 1567 qaaarum
353 1471 495 1566 almuse
513 1467 618 1543 antea
637 1485 858 1567 pepererunt
872 1471 1123 1566 Imperatores.
1176 1475 1355 1547 urniorum
1371 1487 1538 1544 canturam
1555 1473 1709 1546 Carolus
1724 1477 1868 1568 reserat.
1910 1475 1985 1550 Nec
2003 1491 2101 1548 aetas
2117 1489 2171 1550 est

127 1574 204 1648 Nes
227 1574 398 1646 credibile
420 1587 505 1661 eat,
527 1572 597 1646 hoc
619 1579 746 1654 animo
762 1576 1024 1651 esseCarolum
1041 1582 1143 1669 erga‘
1174 1579 1422 1670 aspernanda,
1456 1601 1548 1672 quae
1579 1577 1651 1648 iam
1674 1591 1816 1650 matura
1840 1593 1893 1651 est
1913 1581 2021 1652 rebus
2044 1603 2171 1672 geren·

124 1669 306 1772 patriam,
340 1672 381 1750 ut
404 1675 709 1765 velitdurtriam,
736 1674 942 1772 aulBalgas
966 1679 1125 1772 opprimi
1153 1679 1242 1760 dis.
1293 1679 1367 1752 Nec
1391 1681 1487 1750 enim
1509 1683 1736 1775 quaerendus
1758 1696 1812 1753 est
1833 1707 1941 1754 senex
1957 1680 2170 1777 imperator,
2296 1751 2298 1754 .

126 1781 298 1852 suntote
314 1779 360 1852 ab
375 1781 447 1852 ulla
463 1793 590 1854 estere
598 1783 761 1856 natione.
809 1782 905 1876 Ergo
923 1783 969 1853 de
984 1782 1123 1876 origine
1175 1796 1228 1867 ut,
1249 1805 1330 1852 cum
1346 1785 1495 1854 biduum
1514 1797 1577 1854 aut
1593 1783 1751 1856 triduum
1766 1785 1966 1879 imperarit,
1982 1799 2104 1879 postea
2124 1788 2170 1858 dc

127 1883 251 1955 Garuli
277 1885 395 1957 nulla·
410 1882 654 1978 diiputatione
681 1909 772 1980 opus
799 1897 863 1958 est.
913 1883 1018 1958 Etsi
1044 1886 1124 1981 quis
1176 1885 1349 1958 electione
1366 1887 1452 1958 novi
1469 1887 1644 1960 tumultus
1662 1889 1839 1960 oriantur.

125 1988 322 2082 scrupulus·
335 2000 406 2073 est,
429 2009 481 2058 ne
502 1989 949 2084 transferaturimperium
965 1991 1012 2058 ad
1027 2001 1124 2060 erte·
1279 1987 1417 2062 Videtis
1438 1990 1477 2060 in
1490 1986 1560 2063 ho'c
1576 2003 1703 2063 nostro
1718 2015 1914 2076 consensu,
1938 2015 2047 2088 quam
2069 1991 2170 2066 varia

57 2107 65 2116 ·
126 2112 206 2176 roa,
247 2085 428 2164 habemns*
445 2089 633 2163 solennem
657 2094 854 2170 formulam
878 2091 1124 2176 iurisiurandi,
1175 2093 1248 2164 sint
1280 2095 1477 2164 inultorum
1505 2092 1645 2185 Regum
1680 2093 1878 2166 certamina
1910 2095 1954 2164 de
1978 2094 2169 2166 electione:

124 2194 225 2270 iuxta
248 2201 367 2290 qram'
385 2193 492 2266 fidem
513 2196 615 2266 dabit
631 2195 803 2282 Carolus,
837 2221 875 2268 se
894 2219 970 2264 non
989 2195 1123 2266 labefa'-
1176 2194 1311 2288 quide)
1343 2197 1504 2266 loturum
1537 2208 1593 2266 est
1614 2195 1832 2290 aliquando,
1870 2196 1932 2268 ubi
1959 2196 2171 2270 dissentient

125 2311 268 2368 eturum
291 2312 355 2370 aut
376 2309 600 2370 mutaturum
625 2299 704 2371 iuro
728 2297 913 2370 electionis
930 2311 1073 2370 nostrae
1089 2311 1124 2368 et
1174 2297 1379 2392 Electorasi
1426 2297 1575 2369 Utinam
1590 2299 1736 2393 quidem
1751 2299 1958 2371 Electorum
1975 2299 2169 2372 eoncordia

127 2397 274 2494 imperii
292 2391 440 2480 statum.
501 2398 592 2472 Cum
615 2402 726 2494 igitur
748 2415 785 2472 et
809 2401 949 2494 origine
972 2425 1056 2471 vere
1077 2399 1125 2474 sit
1175 2413 1347 2492 perpetua
1371 2401 1436 2482 sit;
1468 2403 1528 2472 sed
1554 2402 1665 2472 multa
1689 2403 1847 2474 incidere
1871 2415 2040 2494 possunt,
2067 2425 2170 2494 prae-

126 2505 350 2591 Germanus,
379 2517 418 2576 et
435 2497 600 2598 tempon'a
625 2505 789 2598 flagitent
803 2515 988 2597 potentem
1006 2502 1123 2598 lmpe·
1174 2505 1296 2574 sertim
1324 2503 1362 2572 in
1385 2500 1452 2574 hac
1470 2505 1679 2598 disciplina,
1705 2529 1747 2576 ac
1763 2528 1906 2576 morum
1918 2505 2171 2598 corruptione,

126 2619 318 2678 ratocemz·
350 2601 475 2680 censeo
508 2606 678 2684 Carolom
710 2605 940 2680 Austrircum
969 2603 1122 2678 eveben-
1175 2619 1209 2675 et
1225 2607 1453 2697 gliscentibus
1468 2605 1724 2681 Ecclesiasticis
1742 2607 1952 2694 discordiis,
1976 2631 2070 2703 quae
2093 2605 2171 2680 ani·

127 2711 223 2782 dum·
241 2727 317 2785 rate
340 2713 385 2782 ad
398 2709 546 2804 imperii
559 2711 755 2804 fastigium.
807 2708 916 2805 Quod
936 2709 1054 2804 ipsum
1070 2723 1122 2782 ta·
1175 2733 1254 2780 mos
1278 2732 1404 2779 eorum
1428 2709 1647 2802 disiungant.
1698 2711 1822 2805 Quare
1839 2711 2045 2803 interregna
2061 2709 2169 2804 plena

123 2815 214 2884 merl
235 2814 506 2900 nonlaccrorn,
522 2815 603 2886 uisi
617 2813 758 2887 indoles
774 2813 969 2886 eiusnobis
983 2826 1069 2885 nota
1088 2825 1124 2884 et
1174 2810 1417 2905 periculorum
1440 2814 1562 2884 lotura
1577 2826 1672 2885 sunt.
1722 2815 1871 2887 Accedit
1884 2826 1920 2887 et
1934 2814 2044 2898 illud,
2070 2813 2170 2908 quod

120 2906 279 3011 probata
310 2931 415 2990 esset.
459 2915 648 2989 ¹Omnium
672 2915 912 2988 maximarum
933 2916 1122 3000 virtutum,
1175 2915 1327 2988 Carolus
1349 2927 1473 2986 utetur
1495 2916 1709 2988 consiliariis
1731 2917 1811 3002 avi,
1845 2929 1881 2988 et
1898 2917 1992 3010 leget
2012 2916 2050 2986 ln
2066 2938 2170 2988 sena-

122 3019 339 3113 praesertim
354 3021 394 3090 in
410 3019 594 3115 principe,
615 3023 701 3094 lons
718 3031 791 3106 est,
816 3024 922 3090 amor
938 3019 1122 3114 religionis
1174 3029 1251 3089 tum
1269 3017 1449 3112 principes
1464 3018 1719 3105 Germanicos,
1746 3020 1824 3091 sine
1839 3005 1996 3116 quorum
2018 3018 2169 3092 consilio

125 3119 363 3196 Christianae.
407 3123 532 3200 ‚Haec
547 3124 676 3196 ¹uirtus
708 3122 887 3216 imprimis
915 3123 1051 3195 eminet
1083 3123 1122 3192 in
1173 3116 1323 3191 nihilde
1339 3122 1504 3195 maximis
1518 3125 1626 3196 rebus
1641 3124 1821 3195 decernet.

125 3226 275 3300 Carolo.
333 3226 458 3322 Quare
482 3239 671 3321 pactorum
695 3240 731 3298 et
752 3226 987 3298 iurisiurandi
1010 3226 1123 3298 riola·
1189 3279 1192 3286 .
1276 3222 1437 3324 Exposui
1461 3250 1604 3311 causas,
1623 3249 1743 3321 quare
1765 3225 1937 3300 Carolum
1962 3225 2168 3319 eligendum

125 3329 263 3400 tionem
285 3341 466 3426 tanquam
484 3353 667 3407 summum
691 3329 805 3401 scelus
830 3329 1039 3403 detestatur.
1089 3330 1123 3400 A
1173 3349 1248 3398 esse
1269 3338 1446 3400 statuam:
1480 3351 1630 3400 acmen
1652 3328 1786 3400 iudicio
1809 3330 1859 3400 ita
1885 3328 2020 3402 multae
2043 3351 2170 3421 gravas

122 3433 339 3510 cmdetlum
358 3454 445 3506 enm
464 3425 662 3504 abhorrere
684 3443 835 3516 natura,
860 3431 983 3504 multis
1000 3429 1122 3504 certis-
1173 3451 1300 3500 causae
1327 3443 1566 3517 concurrunt,
1603 3443 1644 3502 ut
1668 3426 1764 3501 hanc
1789 3431 1998 3504 electionem
2027 3453 2169 3523 sperem

125 3535 226 3610 simis
247 3535 391 3609 indiciis
414 3537 587 3630 comperi.
645 3532 687 3606 In
712 3533 966 3607 controversiis
990 3535 1122 3607 diiudi·
1173 3532 1392 3632 Germaniae
1407 3557 1450 3603 ac
1464 3535 1533 3604 toti
1548 3531 1717 3626 Europae
1731 3534 1926 3606 salutarem
1940 3535 2030 3606 lore.
2058 3532 2210 3626 Quod·

121 3633 269 3725 canda,
292 3639 338 3710 io
357 3638 565 3715 mandis
587 3637 786 3731 improbis,
811 3637 926 3710 iustus
949 3649 1013 3711 eat.
1064 3634 1122 3707 ln·
1173 3647 1292 3706 autern
1319 3635 1425 3706 initio
1447 3635 1696 3730 disputabam,
1723 3650 1899 3732 quantum
1921 3637 2017 3708 soret
2030 3635 2169 3708 iucom-

78 3811 80 3816 ,
125 3735 322 3836 geniiris,
345 3743 538 3838 prodentia
551 3782 576 3829 ,ι
590 3765 634 3814 ac
655 3741 839 3834 diligentia
861 3739 935 3811 iam
960 3740 1121 3834 conspici
1172 3737 1294 3824 modi,
1325 3737 1356 3811 si
1377 3737 1581 3833 Imperator
1601 3753 1776 3834 perpetuo
1797 3742 1938 3812 abesset
1957 3753 2057 3812 extra
2078 3739 2170 3812 Ger·

111 3857 339 3941 potuerunt.
360 3844 617 3942 ‘lntyrocinio
631 3843 749 3938 Regni
763 3842 950 3938 llispanici
969 3867 1121 3937 magnos
1171 3840 1352 3927 maniam,
1388 3865 1539 3914 moveor
1563 3843 1731 3939 equidem
1753 3837 1823 3916 bac
1847 3843 2075 3924 difficultate3
2106 3843 2170 3915 sed

122 3950 248 4022 morus
270 3942 515 4044 compescuib·
537 3949 599 4022 ·Et
619 3960 761 4021 constat
782 3971 868 4018 aum
890 3971 956 4020 suo
973 3947 1120 4040 ingenio
1170 3945 1218 4015 de
1240 3967 1283 4014 aa
1309 3967 1347 4016 ra
1371 3944 1410 4014 in
1432 3947 1588 4020 lormula
1615 3946 1856 4020 constituendi
1879 3959 1917 4019 et
1936 3947 2087 4044 regendi
2100 3941 2171 4018 lm·

124 4053 242 4124 inulta
264 4053 424 4148 graviter
453 4065 490 4124 et
518 4052 642 4124 dextm
673 4051 894 4145 respondere
924 4061 963 4121 et
990 4051 1121 4124 conni-
1171 4047 1265 4140 perii
1281 4071 1364 4119 cum
1381 4047 1513 4120 Gar-olo
1529 4051 1708 4142 agendum
1723 4049 1805 4123 erit.
1854 4049 2019 4145 Cumque
2037 4043 2170 4122 habeat
2226 4113 2231 4116 .

124 4163 241 4230 suere.
291 4145 427 4249 trapi
450 4155 530 4228 laos
548 4157 590 4226 in
609 4155 747 4228 lavere
765 4163 801 4224 et
820 4149 999 4240 haereat,
1023 4153 1121 4227 etsi-
1173 4149 1414 4244 amplissimos
1436 4152 1476 4222 iu
1490 4153 1691 4224 Germania
1712 4165 1750 4225 et
1772 4154 1812 4224 in
1826 4152 1973 4245 Belgica
1988 4150 2170 4244 principa-

107 4270 239 4352 ·gnuln
255 4259 453 4353 multarum
471 4259 624 4332 aliarum
638 4253 835 4341 virtutcnn,
860 4257 960 4352 quod
982 4257 1121 4350 padici-
1173 4265 1249 4339 tus,
1275 4253 1410 4326 tribuet
1430 4249 1500 4326 boc
1523 4255 1727 4328 necessitati
1750 4278 1875 4328 earum
1895 4254 2079 4347 gentium,
2105 4256 2170 4326 tri·

124 4361 217 4434 eiam
240 4364 358 4448 limat,
384 4363 483 4459 qnod
507 4355 615 4436 nullu
637 4357 848 4434 libidinibus
863 4359 1042 4434 obnoxios
1056 4371 1120 4434 oet.
1171 4356 1259 4430 boet
1290 4357 1449 4449 patriae,
1486 4370 1529 4430 ut
1559 4381 1665 4452 saepe
1699 4357 1738 4428 in
1764 4357 1999 4430 Germaniam
2034 4355 2170 4429 veniat.

121 4457 254 4561 Quare
276 4465 483 4560 religionis,
513 4465 691 4550 iustitiae,
723 4475 760 4534 et
785 4461 980 4558 pudicitiae
1003 4476 1121 4536 custo-
1170 4457 1256 4532 Non
1271 4460 1320 4528 ad
1334 4459 1449 4532 otiosa
1465 4461 1664 4552 spectanda
1681 4483 1719 4532 se
1734 4461 1867 4532 accersi
1881 4458 2062 4553 intelligit,
2081 4484 2168 4534 cum

121 4571 304 4644 demlore
319 4569 490 4642 credibile
503 4579 580 4643 est..
605 4563 647 4640 ln
661 4561 726 4638 ¹tali
739 4579 871 4640 natura
888 4559 982 4636 nihil
995 4578 1120 4662 tyran·
1171 4562 1217 4632 ad
1244 4557 1441 4656 Imperium
1466 4574 1637 4648 vocatur,
1670 4586 1729 4637 res
1751 4587 1905 4657 magnae
1930 4563 1965 4636 ei
1988 4563 2168 4656 gennuae

120 4671 248 4746 nicom
283 4671 417 4746 exoriri
440 4663 572 4768 potest.
607 4667 775 4764 ,lingent
801 4667 901 4741 enim
928 4691 1012 4741 eum
1036 4663 1149 4767 illae}
1171 4678 1294 4737 amnt:
1329 4664 1427 4736 Galli
1439 4665 1643 4758 depellendi
1657 4690 1701 4738 ex
1715 4661 1839 4752 ltalia,
1864 4666 2007 4740 'l'urcae
2020 4663 2168 4737 amendi

111 4773 296 4863 uirtutes,
320 4787 362 4849 ut
381 4787 500 4850 servet
517 4786 644 4871 pacta,
673 4771 835 4847 utnulla
857 4783 1005 4844 moreat
1023 4771 1118 4847 bella
1170 4767 1218 4839 ab
1238 4767 1407 4852 Austris,
1439 4769 1647 4842 liberandae
1669 4782 1709 4842 et
1726 4769 1867 4842 vicinae
1889 4769 2074 4862 regiones,
2098 4765 2168 4838 Ec-

119 4879 280 4968 ininsta,
318 4891 462 4952 utnon
488 4885 605 4950 mutet
630 4873 791 4949 aeuum
818 4888 859 4947 et
886 4873 1130 4948 constitutam.
1171 4871 1279 4944 clasis
1304 4871 1538 4944 eurendanda
1553 4884 1591 4944 et
1615 4873 1878 4948 cnstituenda.
1927 4871 2067 4944 Harum
2090 4892 2168 4945 ma·

118 4973 453 5080 impertitum.
482 4979 725 5057 aestuosus
741 5001 824 5053 enm
842 4978 952 5052 etiam
969 4979 1120 5050 adbbe·
1171 4973 1350 5046 rimarum
1372 4997 1496 5048 rar-uxr
1518 4985 1648 5048 curam
1679 4983 1722 5050 ut
1745 4975 1933 5068 suscipiat,
1974 4973 2052 5066 ipsa
2081 4997 2165 5046 eum

118 5079 284 5160 randum
305 5077 641 5166 encolismensi
662 5079 848 5177 irnpi'etate
864 5081 1040 5168 iunior,
1072 5081 1120 5154 ad
1171 5071 1316 5150 heroica
1339 5089 1472 5150 natura
1494 5091 1533 5150 et
1551 5079 1666 5152 virtus
1683 5077 1927 5158 'amaritabit.‚
1968 5076 2066 5148 llaec
2089 5099 2166 5150 non

119 5189 429 5288 propagationem
442 5185 622 5262 Ecclesiae
638 5181 792 5274 Christi,
818 5183 866 5260 ud
888 5187 1121 5257 tuendarnzet
1170 5179 1264 5253 sinet
1285 5203 1369 5252 cum
1388 5180 1490 5252 dorni
1509 5181 1739 5276 languescere
1760 5181 1837 5255 otio
1857 5193 1895 5254 et
1909 5179 2166 5276 voluptatibus.

120 5294 360 5367 muniendam
377 5291 623 5388 disciplinam,
648 5302 690 5362 ut
703 5283 870 5362 homiues
884 5289 931 5360 ad
947 5287 1119 5382 pietatem
1172 5304 1379 5374 ...dt-
2258 5363 2266 5374 ,

121 5409 163 5472 ct
186 5393 758 5498 caeterasvvirtotesassuefiant..
792 5395 847 5467 Ac
868 5413 915 5493 ne
932 5389 1119 5486 ingenium
1203 5391 1496 5522 mmm
1513 5453 1591 5510 m
1634 5451 1711 5510 M
1753 5451 1830 5508 Μ
1871 5449 1949 5509 m
1986 5443 2163 5506 mgn-

123 5488 203 5576 eius
226 5490 318 5574 mibi
333 5497 597 5595 inexploratum
612 5522 689 5572 esse
705 5495 855 5592 putetis:
885 5493 1120 5590 prudentissi·
1163 5524 1192 5552 ο·
1226 5507 1318 5584 Im
1335 5521 1408 5588 ,us
1599 5487 1610 5526 ’
1719 5483 1730 5522 ’
1837 5486 1860 5548 ’·
1957 5485 1968 5521 ’
2073 5487 2083 5515 '
2260 5523 2264 5530 ·
