4910 5964
131 251 213 338 sot
351 261 1357 347 ‚ltt.nuE1.ucrtottnurcottoNArtortu
1382 259 1563 364 canon
1588 261 1633 336 v.
1661 257 1898 367 mustus.
2091 255 2169 338 tos

131 433 324 508 consiliam
342 437 386 504 ad
402 436 663 508 defendendam
681 443 836 532 patriam
858 454 893 512 ct
908 420 1130 534 lmperiidi-
1174 417 1410 532 lmperatori,
1437 461 1479 508 ac
1495 435 1644 506 domino
1661 446 1801 518 vestro,
1825 433 2013 506 obediatis.
2058 433 2169 527 Quod
2287 486 2291 496 .

130 537 321 628 gnitatern.
355 537 433 610 Etsi
449 553 569 610 autem
585 542 757 615 divinitus
772 544 912 638 potius,
936 569 1046 639 quam
1061 541 1128 616 hu·-
1177 544 1322 640 quidcm
1344 566 1409 612 vos
1426 562 1494 633 pra
1508 542 1597 623 lide,
1629 537 1763 606 virtute
1786 561 1826 606 ac
1844 536 2025 629 ‘sapientia
2050 549 2170 608 restra

129 653 240 710 mana
257 642 447 732 prudentia
465 644 661 734 perfectum
677 649 811 730 est,'ut
835 647 1039 720 voluntates
1061 671 1128 718 no-
1175 648 1334 717 iacturos
1355 655 1450 728 esse,
1479 653 1564 714 'non
1588 639 1811 710 dubitamus:
1853 639 2064 732 praesertim
2087 663 2170 712 curn

129 755 230 814 strae
246 757 506 836 congruerent:
534 744 748 818 tamenhac
768 748 807 818 iu
829 739 991 820 raetiam
1008 763 1125 822 vestra
1178 750 1237 819 ille
1251 744 1351 818 tanto¹
1366 747 1540 816 modestia
1557 743 1728 815 iudicium
1744 754 1909 812 nostrum
1936 763 1978 812 ac
1998 741 2171 833 suffragia

130 843 248 916 virtus
264 869 305 916 ac
319 847 516 939 sapientia,
541 845 734 934 Hectores,
759 852 955 922 maximam
973 854 1125 945 gloriam
1179 850 1429 944 expectaverit.
1480 839 1845 946 thucmatlmodum
1859 838 1979 915 nos'in
1995 843 2169 916 electione

130 947 235 1020 vohis
266 951 363 1041 apud
386 953 525 1021 exteros
543 949 661 1043 Reges
681 953 816 1045 pariet;
836 976 840 989 ·
863 954 1068 1026 conciliabit
1091 969 1127 1026 et
1177 952 1441 1049 praestitimus,
1463 973 1522 1022 ne
1545 972 1615 1044 qua
1642 942 1736 1017 inter
1758 971 1825 1017 nos
1850 947 2029 1018 discordia
2051 945 2169 1016 orire-¹

128 1051 422 1124 benevolentiam
442 1065 650 1125 nostrorum
670 1056 899 1148 principum,
937 1059 1001 1153 qui
1022 1059 1126 1130 vobis
1178 1069 1254 1128 tur:
1281 1056 1331 1144 ita
1348 1079 1413 1124 vos
1428 1063 1581 1150 propter
1603 1039 1783 1144 publicam
1798 1044 1945 1142 Imperii
1966 1047 2170 1144 tranquilli·

130 1165 256 1224 tantae
278 1154 331 1224 rei
356 1155 545 1226 arbitrium
570 1157 655 1229 solis
679 1159 955 1246 commiserunt,
988 1173 1030 1231 nt
1050 1161 1126 1231 Do·
1178 1164 1285 1229 tatem
1303 1156 1499 1228 imitamini
1517 1167 1681 1228 nostrum
1700 1152 1901 1246 exemplum
1926 1165 1962 1222 et
1984 1151 2170 1222 communi

129 1257 272 1326 minum
297 1257 384 1350 ipsis
394 1279 410 1342 ,·
443 1269 484 1329 ut
505 1261 688 1332 custodem
714 1261 879 1358 publicae
901 1263 1047 1350 salutis,
1084 1276 1126 1333 ut
1179 1261 1301 1370 anjmo
1316 1261 1427 1330 electo
1442 1256 1657 1350 Imperatori
1675 1257 1939 1348 obtemperate,
1964 1277 2070 1350 quem
2084 1252 2170 1324 'iura

129 1353 329 1443 Ecclesiae,
371 1359 475 1432 urbis
507 1373 684 1434 terrarum
717 1378 1027 1460 propugnatorem
1064 1365 1127 1436 eli·
1178 1387 1220 1435 ac
1254 1364 1397 1456 legibus*
1422 1362 1520 1432 'scitis
1552 1361 1624 1430 iam
1660 1382 1734 1430 csse
1768 1371 1932 1429 nostrum
1968 1357 2170 1428 dominum.

129 1461 275 1554 geretis.
634 1478 638 1494 '
741 1484 745 1493 ·
830 1493 832 1500 ’
1177 1468 1271 1540 Nam
1303 1464 1428 1536 electio
1456 1466 1534 1536 iure
1557 1487 1598 1532 ao
1620 1463 1758 1554 legibus
1780 1463 1872 1530 facta
1898 1473 1962 1531 est.
2028 1459 2171 1531 Nullius

163 1580 168 1588 ’
234 1563 342 1657 Apud
359 1561 429 1636 hos'
446 1583 489 1636 eo
514 1567 594 1659 plus
621 1571 872 1652 admirationis
894 1567 984 1641 haec
1007 1581 1124 1640 ¹vestra
1177 1555 1264 1640 novi
1281 1566 1435 1660 exempli
1451 1578 1595 1637 autores
1613 1568 1879 1636 sumus'contra
1895 1562 2002 1654 leges.
2049 1587 2053 1594 ·

129 1666 317 1758 diligentia
347 1668 574 1763 gravitasque
602 1666 867 1768 habet'‚'··quod
893 1673 969 1766 ipsi
989 1683 1127 1742 norunt
1281 1671 1345 1743 Est
1360 1683 1478 1742 autem
1499 1668 1654 1738 osticium
1677 1667 1935 1751 necessarium,
1956 1677 1996 1735 vet
2010 1671 2172 1756 praesare

130 1771 309 1866 quosdam
339 1793 416 1840 non
443 1774 555 1856 modo
575 1773 697 1846 'variis
716 1777 895 1861 artificiis,
927 1774 1123 1846 sedetiam
1177 1775 1241 1846 tim
1262 1772 1482 1868 sapientibus
1499 1795 1541 1841 ac
1561 1771 1702 1864 maguis
1725 1769 1810 1841 viris
1833 1769 2015 1860 dignum,
2036 1766 2171 1853 iuriae

128 1871 328 1966 propositis
351 1873 459 1946 minis
484 1897 526 1944 ac
547 1878 764 1964 terroribus,
799 1877 1001 1970 conscripto
1027 1901 1126 1947 exer·
1176 1879 1315 1967 legibus
1349 1876 1618 1970 obtemperare,
1666 1895 1793 1965 parere
1825 1869 2004 1953 dominis,
2044 1883 2171 1938 cavere

119 1977 206 2046 citu
230 1972 301 2056 h'oc
323 1975 450 2068 ipsum·
467 1990 616 2049 conatos
640 2003 734 2066 esse,
764 1987 968 2053 ut'nos'tras
987 1993 1126 2051 mentes
1178 1981 1278 2052 omni
1293 1979 1433 2061 studio,
1458 2001 1503 2048 ne
1522 1975 1746 2048 contumacia
1769 1974 1986 2066 dissipentur
2003 1969 2171 2064 Imperia.

129 2071 376 2149 distraherent
403 2078 729 2155 sessdtssoctarmt.
786 2083 939 2154 Utinam
956 2089 1126 2154 nostrum
1176 2087 1229 2157 Ac
1244 2097 1367 2154 tamen
1383 2092 1424 2152 ut
1436 2080 1607 2152 libentius
1622 2075 1708 2152 huic
1723 2077 1875 2149 domino·
1891 2075 2068 2168 pareatis,
2094 2097 2173 2144 eae·-¹

129 2173 337 2272 exemplum
361 2194 396 2251 et
417 2182 569 2274 posteris
590 2187 727 2276 prosit,¹
758 2187 820 2283 qui
843 2187 987 2282 quantis
1008 2185 1126 2256 laudi·
1177 2190 1259 2258 dem
1276 2209 1340 2256 vos
1354 2184 1512 2253 rationes
1527 2178 1738 2265 hortentur,
1765 2199 1857 2275 quae
1872 2179 2014 2249 animos
2028 2189 2173 2248 nostros

130 2285 202 2354 bus
217 2295 373 2354 vestram
393 2286 623 2356 celebrabunt
644 2289 856 2382 sapientiam
881 2301 917 2359 et
937 2287 1127 2358 virtutem!
1178 2290 1215 2360 in
1232 2285 1405 2358 electione
1419 2295 1624 2357 moverunt.
1674 2281 1820 2353 Etenim
1837 2303 1912 2350 uon
1936 2280 2053 2350 solum
2077 2275 2171 2349 nihil

133 2388 234 2482 quod
251 2388 413 2472 caristie,
437 2411 486 2456 ne
499 2388 677 2460 discordia
694 2392 866 2462 intervos
889 2403 967 2461 orta
990 2391 1123 2460 bellum
1178 2394 1302 2462 contra
1324 2391 1419 2480 leges
1444 2387 1613 2471 lecimus,
1641 2387 1703 2456 sed
1726 2385 1855 2468 etiam,
1888 2395 2065 2478 quantum
2088 2405 2172 2473 pro·

55 2575 56 2578 Ἴ
130 2501 321 2561 aeteruum
336 2501 371 2560 ct
385 2490 527 2561 exitiale
545 2490 683 2584 patriae
707 2493 933 2565 excitaretur.
991 2493 1061 2564 Sed
1085 2504 1126 2562 ut
1177 2493 1268 2586 spici
1298 2517 1319 2562 a
1351 2487 1457 2562 nobis
1490 2489 1629 2582 potuit,
1670 2484 1750 2558 Deo
1777 2488 2001 2580 gubernante
2030 2497 2172 2555 nostras

129 2591 327 2676 antedixi,
350 2589 467 2663 Deum
486 2616 721 2684 agnoscamus
744 2607 906 2667 autorem
927 2619 1001 2667 esse
1018 2591 1126 2666 huius
1177 2591 1314 2668 mentes
1337 2593 1377 2663 in
1399 2591 1620 2685 designando
1640 2590 1824 2686 principe,
1855 2587 2040 2659 communi
2065 2583 2173 2658 saluti

131 2700 348 2780 consmsus,
386 2719 540 2789 cumque
567 2699 777 2770 ardentibus
801 2700 896 2771 votis
925 2721 1127 2791 precemur,
1179 2701 1276 2772 orbis
1293 2711 1471 2768 terrarum
1489 2693 1674 2767 consulere
1690 2687 1959 2764 cenaticumus.

128 2797 244 2868 uasti
265 2811 469 2889 perpetuus.
516 2799 682 2872 *Deinde
702 2813 895 2898 postquam
919 2803 1050 2877 electus
1075 2813 1128 2873 est
1281 2799 1424 2893 Quare,
1449 2811 1491 2870 ut
1509 2797 1686 2870 sancitum
1704 2809 1775 2880 est,
1798 2789 2056 2866 Germanicum
2073 2791 2173 2885 prin·

130 2897 306 2984 Carolus,
346 2924 422 2971 non
445 2903 670 2989 dubitemus,
709 2905 798 2999 quin
822 2902 891 2975 Ilei
915 2905 1064 2990 consilio
1092 2917 1127 2973 ct
1179 2903 1315 2996 cipeto,
1342 2903 1541 2998 etquidem
1566 2900 1605 2970 in
1625 2899 1764 2973 familia
1781 2895 2017 2992 lmperutoria
2045 2907 2172 2968 natum
2247 2889 2250 2896 ’

129 2996 324 3074 voluntate
349 3005 394 3074 ad
422 2998 493 3075 boc
522 3017 671 3076 tantumt
691 3003 873 3098 fastigium
902 2999 1043 3078 evectus
1069 3006 1126 3079 sit.
1179 3007 1371 3098 elegimus,
1397 3029 1504 3101 quem
1520 3004 1704 3084 indolead
1720 3001 1889 3072 virtutem
1908 2995 2049 3092 egregia
2067 3019 2173 3089 prae-

128 3103 227 3178 Nam
251 3099 348 3176 haud
372 3105 480 3179 dubie
509 3111 584 3179 lato
616 3122 651 3179 et
673 3111 859 3180 voluntate
878 3107 948 3180 Dei
971 3109 1127 3206 imperia
1179 3109 1295 3179 ditum
1317 3126 1393 3180 esse
1414 3107 1660 3199 cognovimus.
1720 3103 1893 3174 Enriuent
1915 3114 2035 3173 autern
2061 3100 2102 3169 in
2127 3120 2172 3170 eo

131 3209 301 3280 dantum*
822 3295 824 3300 Δ
1107 3213 1126 3249 “·’
1178 3211 1463 3296 duae'virtutes‚
1497 3223 1590 3304 'quae
1612 3210 1652 3279 in
1677 3229 1820 3280 summo
1836 3204 1999 3300 principe
2016 3202 2173 3279 maxime

236 3311 395 3402 Agamm
412 3311 522 3402 igitur
537 3311 616 3384 Deo
632 3314 785 3406 gratias,
810 3313 908 3407 quod
925 3312 1134 3406 principem·
1178 3313 1423 3397 necessariae,
1462 3313 1623 3383 salubres
1653 3323 1689 3380 et
1712 3323 1835 3402 gratae
1865 3321 1969 3392 sunt,
2008 3305 2194 3382 videlieet,

129 3411 243 3484 nabis
253 3416 420 3506 optimae
447 3427 555 3510 atque
582 3415 824 3507 amplissimae
847 3417 923 3508 spei
942 3416 1060 3501 dedit,
1087 3439 1127 3486 ac
1180 3413 1284 3487 amor
1299 3413 1483 3508 religionis
1498 3426 1533 3484 et
1546 3413 1689 3484 bonitas
1704 3411 1846 3483 eximia.
1879 3410 2044 3504 Quarum
2058 3409 2173 3478 altera

129 3527 317 3607 puteus,
341 3529 382 3587 ut
395 3517 552 3610 auspicia
568 3516 716 3610 lmperii
730 3517 803 3590 sint
817 3519 931 3590 fausta
949 3529 985 3588 et
997 3517 1128 3604 felicia,
1180 3545 1262 3592 eum
1280 3521 1327 3588 ad
1342 3517 1529 3610 fugiendas
1542 3515 1730 3602 libidines,
1763 3514 1808 3596 acl
1832 3512 1997 3588 vitandas
2010 3523 2173 3580 temera-

132 3630 171 3688 et
189 3629 230 3689 ut
246 3615 347 3691 Deus
369 3621 543 3712 gubernet
559 3621 667 3712 Regis
680 3620 808 3692 ¹Caroli
832 3621 1025 3706 animum,
1043 3645 1128 3692 cou-
1179 3621 1485 3698 riasmutationes
1500 3619 1539 3688 in
1549 3610 1706 3690 Ecclesia
1723 3615 1978 3709 etRepublioa',
2002 3615 2049 3684 ad
2064 3613 2173 3682 lidern

131 3720 232 3805 silia,
265 3721 443 3808 actiones,
473 3725 521 3793 ad
542 3724 695 3816 gloriam
711 3720 845 3795 Christi
864 3724 1128 3810 illustrandam,
1179 3726 1413 3809 servandam,
1437 3713 1800 3816 constantiamquein
1816 3716 2023 3813 promissis,
2050 3718 2096 3788 ad
2112 3717 2173 3785 de·

132 3826 181 3894 ad
203 3822 384 3896 Ecclesiae
408 3827 708 3921 tranquillitatem
733 3827 1042 3913 constituendam,
1081 3829 1127 3898 ad
1178 3829 1376 3900 tensionem
1391 3825 1593 3918 Religionis
1615 3837 1651 3895 et
1665 3813 2020 3917 Imperiiexuscitat.
2062 3819 2174 3891 Utro»

129 3925 275 4018 patriae
299 3941 407 4023 atque
427 3925 576 4021 Imperii
607 3945 731 4022 pacem
757 3931 1037 4018 defendendam,
1082 3933 1128 4000 ad
1180 3956 1250 4028 que
1274 3952 1361 4000 vcro
1386 3925 1554 4022 prohibet
1575 3927 1784 4012 saevitiam,
1817 3922 2086 4007 crudelitatem,
2116 3921 2173 3992 ius

129 4028 337 4120 religionis,
369 4032 511 4122 legum,
540 4031 717 4116 iustitiae,
751 4033 961 4126 disciplinae
986 4056 1128 4104 conser—
1179 4035 1309 4105 iustam
1327 4034 1558 4126 cupiditatem
1577 4032 1768 4101 vindictae.
1821 4025 2174 4103 Etsi-enimtudtca-

132 4131 331 4205 rationem.
396 4129 498 4203 ilaec
517 4133 675 4227 ingentia
704 4136 799 4206 hona
824 4137 1021 4227 cogitemus
1043 4159 1128 4206 vere
1179 4136 1297 4210 vimtss
1323 4154 1414 4228 opus
1438 4159 1513 4206 esse
1533 4147 1680 4227 potente
1701 4132 1885 4227 principe,
1912 4128 2174 4226 quiautorita·

133 4257 211 4306 esse
225 4237 389 4308 coelestia
404 4237 605 4322 beneficia,
623 4258 716 4332 quac
731 4239 854 4329 generi
868 4235 1037 4308 'humano
1063 4255 1129 4330 per
1179 4252 1251 4311 tem
1289 4239 1402 4308 etiam·
1437 4237 1577 4309 viribus
1600 4228 1698 4306 trieri
1735 4227 1872 4328 posset:
1908 4245 2042 4301 tamen
2072 4229 2173 4322 prius

130 4339 250 4410 bonos
281 4339 463 4434 principes
489 4339 587 4411 Deus
620 4340 802 4432 impertit,
850 4343 962 4435 quare
995 4365 1016 4410 a
1048 4339 1127 4411 Deo
1179 4341 1364 4434 ingenium
1400 4352 1437 4411 ct
1467 4364 1586 4410 mores
1620 4337 1938 4409 consideravimus.
2002 4332 2173 4404 Potentia

131 4441 205 4534 piis
219 4454 255 4512 et
271 4441 773 4536 assiduisprecibuspeteuda
797 4455 892 4516 sunt.
944 4444 1128 4537 Quemad-
1181 4447 1277 4515 enim
1292 4468 1368 4513 uon
1382 4439 1569 4526 salutaris,
1588 4442 1656 4514 'sed
1679 4439 1881 4534 perniciosa
1901 4449 1994 4510 esset
2016 4437 2116 4521 orbi,
2142 4434 2173 4505 si

130 4547 283 4615 modum
302 4544 381 4630 ille,
404 4569 485 4616 cum
499 4545 620 4641 inquit
637 4547 682 4616 de
697 4545 795 4630 Det),
821 4549 884 4641 qui
899 4547 962 4616 dat
975 4547 1126 4618 salutem
1179 4546 1364 4648 ingenium
1388 4548 1466 4616 leve
1489 4557 1551 4616 aut
1567 4546 1709 4615 ¹malum
1737 4556 1837 4615 esset.
1895 4537 1961 4614 Eat
1983 4535 2104 4610 autem
2129 4559 2172 4607 ea

128 4647 312 4741 Regibus,
353 4651 527 4720 admonet
555 4649 606 4718 ita
634 4671 708 4721 esse
734 4650 850 4720 felicia
882 4650 1056 4741 imperia,
1097 4651 1128 4721 si
1179 4651 1251 4722 iam
1268 4662 1386 4732 aetas,
1410 4668 1528 4742 paene
1546 4671 1647 4742 quae*
1662 4647 1732 4718 init
1747 4645 1945 4719 alexandri
1967 4641 2093 4736 Magni
2114 4663 2173 4709 ca·

129 4750 308 4823 Deus·det
321 4753 494 4837 salutem,
516 4747 743 4844 'sigubcrnet
756 4766 865 4849 atque
887 4753 1034 4824 adiuret
1053 4773 1128 4837 eas,
1179 4743 1591 4848 persentls⁴lmperium,
1626 4751 1664 4819 iu
1688 4764 1763 4845 quat
1783 4749 1878 4825 tices
1899 4747 2062 4839 corporis
2088 4766 2174 4835 pro·

133 4855 432 4950 quirespuhlicas
447 4854 725 4928 administrant.
975 4901 980 4910 ·
1035 4900 1037 4908 ,
1179 4849 1375 4950 pemodur'u
1398 4858 1672 4938 maturuerunt,
1703 4845 1897 4944 etlngeoli
1917 4847 2174 4940 vigorotndu-

236 4957 373 5030 Omnes
403 4953 514 5050 igitur
541 4958 705 5030 invocate
725 4955 843 5028 mum
867 4969 903 5030 et
926 4951 1127 5029 Dominum
1179 4960 1288 5045 stria,
1303 4957 1505 5050 sagacitas,
1533 4967 1568 5027 et
1583 4972 1702 5032 mores
1721 4973 1758 5026 se
1781 4954 2060 5047 proterunt‚'ut
2079 4947 2174 5018 tutta
2202 5039 2207 5056 Ι

130 5073 296 5132 nostrum
314 5060 431 5133 lesum
447 5057 652 5144 Christum,
678 5073 714 5132 et
733 5053 978 5132 hauol'mlmi
1002 5085 1128 5132 vocem
1180 5063 1274 5146 cari,
1299 5059 1417 5157 qualis
1430 5059 1476 5131 sit
1490 5071 1642 5145 natura,
1670 5057 1794 5151 possit.
1853 5050 1980 5150 ltaque
1999 5052 2174 5125 cunr-scid

131 5165 198 5257 pio
223 5177 369 5258 pectore
396 5163 636 5255 ingeminata,
677 5186 769 5259 quae
790 5167 1035 5254 precationem
1058 5187 1128 5256 pro
1178 5186 1320 5249 remus,
1346 5163 1480 5254 Regem
1495 5161 1669 5233 carolum
1681 5185 1747 5232 sao
1767 5159 1901 5234 iudicio
1923 5158 2037 5229 multa
2060 5152 2174 5227 bone-

131 5289 218 5358 rege
239 5269 416 5338 continet:
454 5267 577 5343 Mittat
596 5265 662 5336 tibi
684 5267 859 5338 auxilium*
879 5261 924 5337 dc
944 5280 1068 5339 saneto
1092 5279 1129 5339 et
1179 5281 1283 5340 steet
1300 5259 1458 5360 graviter
1474 5266 1712 5358 respondere,
1738 5269 1865 5334 et'non
1883 5263 1999 5334 solum
2016 5283 2091 5330 noa
2109 5253 2173 5328 hes

133 5372 182 5440 de
196 5369 289 5442 stou·
301 5381 445 5442 tueatur
462 5381 510 5441 te.
553 5368 704 5440 Publica
717 5371 825 5440 etiam
842 5365 989 5446 nominc
1005 5377 1128 5464 postu-⁴
1179 5373 1320 5456 betem,
1343 5371 1404 5442 sad
1422 5369 1531 5439 etiam
1547 5363 1912 5462 singulariiudustria
1930 5378 1967 5436 et
1987 5360 2174 5454 diligentia

132 5473 269 5559 lamus,
309 5486 351 5546 ut
370 5461 917 5565 CadolotRegiRomanoru'rn,
958 5485 995 5546 et
1015 5473 1129 5546 electo
1179 5467 1601 5568 in'ohountlisnegotiis,
1628 5471 1949 5566 aotapc'ortdeodts
1993 5463 2173 5538 antirufi-
