4812 5964
283 256 408 333 205,
867 213 991 318 nain.
1027 233 1141 321 aar..
1176 247 1381 328 scarum
1414 248 1752 324 amoenamus.
2263 258 2346 348 aus

282 427 434 502 molestia,
464 441 532 480 curn
558 439 614 498 per
636 419 844 497 Turingiaeotn
872 420 979 482 saltum
1008 431 1040 482 et
1061 419 1200 480 Nariscos
1219 433 1294 482 tuos
1322 422 1452 484 eundum
1476 425 1543 482 erit.
1595 423 1660 484 Etsi
1682 435 1713 486 te
1735 424 1855 503 quidem
1877 425 2044 485 habiturum
2068 424 2205 482 comitem
2231 423 2341 485 Bnllo-

282 514 407 576 tltedum
437 510 587 586 audimus,
615 524 680 564 cum
710 524 768 584 quo
797 505 838 566 ita
867 515 955 566 eruut
985 506 1096 582 multa,
1125 523 1200 583 quae
1223 507 1307 566 noles
1327 526 1363 566 ac
1384 510 1485 585 cupies
1508 509 1605 587 loqui,
1635 522 1667 571 et
1688 519 1800 573 tantam
1822 511 1861 586 de
1881 511 1962 573 illius
1985 497 2209 599 ουνομιίῇσει
2233 514 2339 588 capies

282 601 479 676 voluptatem,
511 603 544 652 ut
572 608 670 669 neque
697 589 918 652 desideraturus
946 591 1034 650 aliam
1064 591 1314 669 sublevationem,
1350 612 1448 671 neque
1476 595 1747 672 interpellationem
1777 595 1867 657 ullam
1895 595 2074 656 admissurus
2095 601 2161 654 esse
2183 595 2337 657 ridearis:

282 687 394 756 Varum
419 683 450 741 in
477 676 668 758 praefectura
695 675 772 733 hunc
800 675 926 734 sortasse
955 677 1140 756 relinquetis.
1196 679 1235 735 At
1257 679 1327 738 inde
1348 681 1437 738 etiam
1458 680 1509 758 qui
1532 695 1586 739 ros
1608 691 1825 760 prosequantur
1848 681 1993 756 habebitis
2013 689 2098 740 notos
2121 675 2277 757 homines,
2306 693 2338 740 et

282 773 325 832 tui
345 767 478 845 inprimis
500 774 642 822 amantes.
689 754 797 820 Venias
819 763 925 837 enam,
947 771 980 820 ut
1001 763 1123 840 opinor,
1145 762 1183 820 ad
1207 762 1391 840 praesectum
1406 765 1502 844 Regio
1516 754 1633 843 monti,
1656 767 1738 826 cuius
1759 765 1927 826 humanitas
1950 779 1980 827 et
2002 767 2130 824 suavitas
2150 776 2243 844 atque
2261 785 2337 845 pro-

279 844 359 923 ¹iacto
381 854 470 912 etiarn
492 847 651 926 sapientia,
679 865 738 904 non
761 847 902 926 relinquit
925 848 1021 908 locum
1042 848 1146 916 alienis
1168 847 1426 925 disputationibus.
1469 852 1545 909 Nam
1567 852 1646 922 illic,
1675 871 1733 930 quo
1756 851 1872 927 tendis,
1894 856 1952 910 scio
1975 851 2029 909 tibi
2051 851 2125 918 tales
2147 869 2253 926 curas,
2280 869 2336 909 ne-

280 941 424 1020 gotiorum
452 948 570 995 tuorum
599 933 833 1010 occupationibus
862 945 893 992 et
920 933 1060 992 carissimi
1088 933 1139 992 tibi
1165 934 1250 990 amici
1278 935 1431 1014 colloquiis
1461 936 1582 1014 penitus
1604 954 1762 998 excussum
1788 937 1837 994 iri.
1889 936 1951 998 Sed
1974 949 2004 996 tu
2029 936 2121 1000 hahes
2142 935 2335 1012 Sadcletum,

281 1045 370 1106 quern
396 1021 524 1081 voluisti.
574 1015 646 1076 Mihi
673 1017 794 1095 quidem
818 1035 913 1094 nuper
934 1019 1020 1078 istinc
1042 1036 1163 1078 reverso
1186 1017 1321 1097 domum,
1351 1022 1515 1102 regustanti
1536 1022 1695 1097 scriptum,
1723 1022 1835 1108 placuit
1860 1021 2011 1080 consilium
2033 1020 2131 1098 operis
2154 1028 2184 1078 et
2205 1021 2335 1079 inritatio

280 1108 472 1189 antiquitatis.
523 1107 565 1164 Ac
591 1104 630 1162 de
659 1114 785 1180 utraque
808 1120 842 1160 re
864 1103 912 1162 rel
936 1105 1034 1181 potius
1058 1105 1096 1163 de
1117 1113 1179 1161 toto
1200 1121 1294 1182 opere
1316 1116 1398 1164 tuum
1422 1105 1559 1165 iudicium
1581 1106 1618 1164 ad
1642 1127 1693 1165 nos
1715 1097 1892 1185 perscribes.
1930 1105 2091 1184 Casparem
2113 1105 2168 1164 hoc
2189 1116 2334 1184 tempore

260 1198 348 1268 „hinc
371 1192 535 1270 expatiari,
563 1190 688 1247 moleste
709 1187 859 1262 ferebam,
889 1209 955 1247 oum
976 1179 1098 1249 ins'taret
1121 1176 1342 1270 ἆρχοιιρεσίοι,
1374 1193 1403 1249 in
1427 1211 1485 1270 qua
1506 1191 1699 1272 χειροτονία
1720 1185 1810 1269 ipsius
1832 1201 1949 1268 poterat
1971 1207 2019 1248 me
2042 1207 2117 1248 nora
2138 1190 2332 1252 solicitudine

280 1285 421 1342 liberare.
470 1276 553 1336 Hanc
582 1273 739 1352 epistolam
768 1275 792 1334 si
818 1275 946 1353 accipies
974 1287 1045 1334 ante
1077 1277 1135 1334 iter
1165 1285 1266 1347 tunm,
1293 1275 1343 1336 iac
1371 1278 1513 1336 rescribas
1535 1277 1634 1354 nobis‘,
1663 1278 1834 1355 priusquam
1855 1275 2067 1355 proficiscaris,
2099 1275 2154 1334 boc
2173 1275 2249 1342 mibi
2276 1279 2332 1335 erit

280 1365 486 1448 pathmum.
529 1361 625 1420 Etiam
649 1376 688 1416 ex
709 1359 817 1418 itinere
840 1361 929 1420 selim
951 1354 1080 1440 φοιτᾶν
1099 1353 1186 1442 πρὸς
1208 1347 1294 1440 ἥμᾶς
1317 1363 1418 1422 literas
1442 1376 1522 1438 tuas,
1550 1381 1609 1420 nou
1631 1364 1726 1422 solum
1747 1362 1785 1421 ad
1808 1363 1964 1422 levandam
1984 1361 2201 1421 solicitudinem
2217 1379 2331 1438 meam,

279 1471 368 1533 quam
391 1446 635 1593 rellipquiqdnobis
648 1454 707 1590 &aaa
724 1446 944 1588 lperegrinatio,
973 1447 1027 1506 sed
1046 1439 1109 1506 ivn
1130 1433 1275 1526 correo?
1297 1436 1340 1508 ab
1362 1437 1597 1530 eippuisorav.
1633 1449 1719 1508 Bene
1741 1457 1772 1505 et
1793 1445 1923 1506 feliciter
1944 1447 2014 1508 rale
2033 1463 2102 1504 curn
2123 1445 2237 1507 familia
2262 1448 2330 1505 uni-

280 1556 377 1598 versa.
461 1535 500 1595 id.
556 1550 625 1591 unm
677 1542 723 1588 cto
746 1531 793 1592 ris.
1204 1545 1208 1552 “

638 1693 826 1760 docebimur
849 1697 1065 1763 Camerarius
1088 1697 1251 1782 Philippo
1272 1697 1529 1766 Metasosraons
1554 1699 1595 1765 V.
1619 1693 1832 1773 crassatam,
1864 1695 1899 1766 S.
1922 1695 1968 1761 Π.
2062 1763 2084 1774 ,,

406 1823 489 1882 Haec
518 1821 640 1899 scripsi,
675 1835 740 1876 cum
769 1820 825 1876 iam
855 1832 933 1878 esset
961 1820 1140 1899 deponenda
1164 1821 1331 1899 provincia,
1365 1823 1432 1898 rel,
1463 1825 1489 1882 si
1516 1823 1623 1898 maris,
1650 1821 1817 1880 abeundum
1849 1819 2020 1896 magistratu
2050 1821 2184 1878 semestri
2215 1831 2328 1879 nostro.

278 1914 382 1993 accepi
402 1919 501 1968 autem
523 1903 624 1964 literas
645 1923 705 1962 una
726 1923 793 1961 cum
816 1904 888 1963 libro
911 1923 928 1962 a
946 1905 1077 1984 Caspare
1099 1919 1198 1966 nostro
1220 1915 1285 1966 tuas
1307 1906 1346 1965 ad
1368 1925 1522 1986 vesperam
1544 1908 1679 1966 hesterni
1699 1903 1777 1982 diei,
1804 1923 1862 1984 quo
1886 1914 2020 1982 tempore
2041 1905 2153 1984 Caspar
2174 1925 2238 1964 una
2263 1924 2329 1964 cum

277 1999 400 2060 Erasmo
422 1993 535 2070 adnos
557 1991 649 2049 venit.
693 2007 727 2049 ac
749 2001 810 2047 tum
832 1991 952 2068 quidem
978 1992 1082 2050 librum
1105 1993 1237 2071 inspexi,
1264 1990 1317 2052 sed
1339 1994 1419 2071 quod
1440 2013 1508 2052 carm
1530 1993 1699 2071 gratissimis
1721 1991 1882 2068 hospitibus
1904 1989 2032 2067 colloqui
2053 1989 2092 2048 dc
2114 1989 2254 2066 pluribus
2276 2011 2329 2050 eu-

277 2103 398 2164 perem,
426 2089 458 2137 et
486 2077 616 2135 omnibus
643 2092 753 2153 paene*
770 2077 926 2135 momentis
946 2077 1158 2155 interpellarer
1186 2079 1223 2136 ab
1246 2079 1297 2152 iis,
1326 2079 1431 2155 quibus
1452 2080 1563 2158 negotii
1582 2077 1694 2155 ailquid
1716 2095 1813 2134 coram
1835 2091 1884 2132 me
1906 2084 1986 2149 erat,
2008 2075 2112 2152 legere
2132 2073 2208 2133 nibil
2231 2078 2328 2154 potui.

276 2173 349 2234 Post
369 2183 490 2225 coenam
512 2175 611 2222 autem
633 2161 671 2219 ad
693 2162 846 2219 lucernam
868 2179 939 2220 sane
962 2161 1069 2220 multas
1092 2159 1227 2240 pagellas
1249 2160 1437 2243 contect,nc
1458 2165 1643 2244 praeclarum
1666 2161 1736 2219 mihi
1758 2161 2014 2239 scriptum'«risum
2035 2169 2097 2234 est,
2119 2169 2151 2220 et
2170 2162 2327 2222 consimile

162 2315 167 2320 .
277 2247 401 2318 aliomm
430 2251 516 2308 huius
544 2248 655 2331 autoris
683 2244 808 2304 bominis
829 2247 1001 2323 politissimi.
1046 2250 1102 2306 etsi
1121 2249 1266 2326 quaedam
1288 2247 1319 2304 in
1338 2263 1451 2309 aramma
1472 2250 1626 2327 diligentia
1645 2245 1821 2307 eruditionis
1843 2245 1928 2304 illius,
1942 2245 2091 2304 desidero.
2135 2245 2326 2304 concedatur

277 2344 357 2404 enim
386 2337 442 2396 hoc
472 2348 503 2394 et
533 2332 614 2392 stabis
644 2341 676 2389 ut
696 2327 836 2390 iudicium
859 2329 1001 2390 iaciamus
1030 2345 1061 2391 et
1083 2333 1293 2392 delrominum
1316 2334 1409 2393 etde
1431 2336 1618 2413 scriptionum
1641 2349 1755 2411 genere
1775 2333 1847 2406 isto,
1876 2330 1925 2388 rel
1941 2331 1979 2388 ai·
1992 2329 2047 2388 illa
2071 2331 2155 2408 quasi
2182 2331 2324 2391 divinitas

277 2424 464 2506 suspicienda
485 2429 601 2481 tantum
623 2427 670 2475 est
688 2416 788 2491 nobis,
819 2417 913 2476 veluti
936 2411 1152 2495 ἐπιχθονίοις
1173 2418 1334 2478 laudentur
1356 2438 1428 2480 sane
1451 2431 1482 2479 et
1502 2420 1681 2498 pulcerrima
1702 2435 1769 2476 esse
1789 2413 2003 2496 perhibeantur
2023 2417 2176 2490 universa,
2205 2417 2264 2474 sed
2287 2417 2324 2474 de

275 2515 322 2573 his
344 2527 441 2568 coram
462 2502 631 2584 aliquando.
658 2501 776 2558 alnum
798 2503 856 2559 iter
878 2501 975 2559 adhuc
995 2501 1151 2576 differtur,
1172 2513 1339 2562 remorante
1362 2523 1415 2563 nos
1429 2506 1627 2578 Ballorhodo,
1649 2503 1699 2582 qui
1722 2503 1849 2580 primum
1871 2512 1987 2560 terrore
2003 2501 2129 2580 quodam
2146 2502 2325 2560 narrationis

276 2599 350 2657 illud
382 2591 510 2667 retudit,
538 2605 618 2649 nunc
645 2587 808 2644 cessatione
830 2603 883 2644 sua
905 2588 1048 2647 retardat.
1099 2589 1310 2647 Censtituimus
1332 2601 1432 2648 tamen
1452 2590 1490 2652 ad
1513 2591 1593 2650 diem
1611 2590 1779 2668 proximum
1801 2587 1894 2646 Xllll.
1917 2585 1982 2646 Cal.
2003 2586 2147 2646 Novemb.
2169 2586 2248 2645 illud
2272 2603 2326 2644 nos

274 2687 459 2762 ingressuros
481 2694 554 2736 esse.
598 2675 645 2732 Te
668 2672 716 2730 rix
737 2680 845 2750 putant
865 2670 924 2730 huc
944 2683 1103 2734 recturum
1124 2673 1162 2732 ad
1183 2675 1319 2752 nuptias,
1339 2671 1472 2736 futurum
1494 2676 1574 2734 enim
1593 2675 1659 2734 istic
1680 2673 1870 2746 dictatorem,
1893 2683 1925 2731 ut
1943 2682 1976 2732 tu
1992 2671 2139 2750 appellas.
2182 2671 2231 2732 De
2245 2671 2323 2730 libro

275 2771 351 2830 scire
373 2765 480 2843 cupio,
497 2761 579 2822 cuius
599 2760 652 2818 ille
673 2757 726 2835 sit,
748 2769 781 2834 ut
803 2757 1098 2840 pretiumsolratur,
1125 2778 1193 2819 nam
1213 2759 1279 2818 rolo
1301 2777 1368 2819 eum
1393 2762 1532 2822 retinere.
1576 2761 1663 2820 Nunc
1684 2759 1723 2824 ad
1745 2771 1775 2818 te
1796 2759 1883 2818 renio
1905 2775 1971 2816 carm
1992 2755 2136 2836 petitione
2157 2774 2254 2836 parra
2274 2757 2325 2816 illa

275 2854 396 2935 quidem
426 2861 458 2908 et
484 2849 582 2922 sacili,
612 2843 664 2904 sed
697 2859 785 2921 quem
812 2843 937 2900 obtineri
964 2845 1122 2922 plurimum
1152 2847 1279 2904 interest
1299 2845 1378 2920 eius,
1408 2849 1456 2906 cui
1476 2867 1528 2906 nos
1550 2848 1627 2906 hanc
1649 2833 1769 2924 operam
1792 2834 1906 2904 damus.
1959 2841 2020 2900 Res
2043 2851 2143 2900 autem
2165 2841 2242 2904 haec
2268 2853 2324 2900 est.

274 2940 385 2999 Noster
405 2935 504 3016 Papa,
531 2935 555 2990 is
577 2933 621 2987 vir
646 2946 734 3007 quem
757 2927 796 3002 de
817 2930 1000 2987 sermonibus
1023 2932 1130 2992 nostris
1153 2931 1330 3009 eogn'oristi,
1359 2931 1474 3008 idest,
1504 2934 1587 3010 pius,
1615 2931 1740 3010 probus,
1761 2929 1905 3008 diligens,
1936 2916 2141 3009 ἀχρήματος,
2162 2939 2230 3008 post
2258 2927 2324 2986 edi-

275 3038 337 3088 tum
360 3041 377 3081 a
400 3037 446 3077 me
468 3017 612 3100 permissu
635 3026 685 3073 tuo
707 3011 926 3072 Grammaticae
948 3015 1084 3074 Graecae
1106 3016 1256 3088 libellum,
1284 3016 1373 3074 etiam
1395 3017 1531 3075 Latinum
1555 3017 1692 3075 emittere
1716 3027 1818 3094 parat,
1847 3020 2026 3094 eum'quem
2048 3011 2187 3088 blic'yllus
2216 3022 2324 3070 noster

273 3106 430 3168 verissimis
451 3123 468 3161 a
491 3113 521 3162 te
542 3112 663 3160 ornatus
685 3098 834 3176 laudibus,
858 3099 1006 3178 quondam
1027 3101 1110 3159 dedit
1131 3101 1212 3160 nobis
1234 3101 1385 3180 aliquanto
1405 3104 1579 3180 pleniorem.
1622 3101 1685 3159 Hoc
1706 3099 1772 3160 fieri
1794 3111 1825 3158 te
1847 3101 1958 3158 sciente
1980 3109 2013 3156 et
2033 3095 2241 3157 consentiente
2266 3098 2322 3154 mi·

274 3195 357 3268 rihce
386 3191 450 3248 vult
477 3201 508 3247 et
534 3189 662 3260 laborat,
691 3195 723 3242 et
750 3184 781 3241 in
803 3184 859 3242 hoc
882 3203 940 3242 non
964 3196 1024 3244 tam
1044 3205 1212 3246 successum
1233 3201 1348 3246 omnem
1372 3187 1508 3246 editionis
1531 3190 1618 3248 situm
1641 3203 1721 3258 esse,
1758 3203 1844 3265 quam
1867 3185 2112 3243 existimationem
2135 3198 2219 3242 auam
2244 3183 2323 3240 verti

274 3279 442 3340 arbitratur.
486 3271 626 3350 Coniugii
646 3269 736 3350 igitur
758 3269 797 3329 ad
819 3286 868 3328 me
891 3280 922 3328 et
942 3270 1168 3332 intercessorem
1191 3291 1239 3331 me
1259 3271 1315 3330 sibi
1336 3290 1403 3331 esse
1424 3275 1550 3352 expetit.
1594 3262 1785 3350 Quapropter
1806 3283 1853 3347 te,
1881 3270 1922 3328 mi
1943 3263 2098 3347 Philippe,
2117 3270 2322 3328 'vehementer

274 3369 363 3428 etiam
389 3373 479 3440 atque
508 3361 595 3440 etiam
625 3351 754 3434 rogo*)‚
784 3357 911 3434 primum
941 3367 971 3415 ut
1000 3357 1030 3414 in
1060 3359 1114 3417 bac
1136 3377 1170 3415 re
1192 3358 1290 3435 Papae
1310 3355 1458 3417 desiderio
1481 3359 1674 3436 obsequaris,
1695 3367 1731 3415 'et
1752 3354 1822 3413 mihi
1844 3354 2034 3434 gratificeris,
2063 3357 2114 3433 qui
2134 3355 2181 3412 illi
2206 3355 2322 3430 optime

274 3451 378 3531 cupio,
399 3447 449 3505 rel
471 3447 496 3504 si
518 3457 549 3505 tn
571 3444 657 3502 aliter
680 3457 820 3517 censeas,
842 3441 881 3500 de
902 3429 960 3500 hoc
981 3440 1072 3504 etiam
1096 3461 1144 3501 me
1165 3443 1273 3502 reddas
1297 3445 1462 3505 certiorem.
1507 3439 1581 3502 Vale
1604 3441 1673 3510 mibi
1695 3441 1863 3499 suavissime
1884 3439 2034 3518 Pltilippe.
2074 3440 2181 3498 Nostra
2204 3438 2321 3498 familia

272 3545 464 3619 peramanter
483 3547 514 3590 te
536 3544 566 3589 et
589 3539 654 3588 tuos
676 3543 778 3585 omnes
799 3527 925 3602 salutat,
947 3525 994 3584 Te
1016 3547 1087 3588 aero
1109 3527 1269 3588 officiosiss.
1288 3527 1328 3588 G.
1343 3517 1448 3588 Comes
1470 3541 1580 3590 noster.
1626 3527 1837 3610 lteruin'nale,
1859 3521 2113 3609 XVll.Caleudas
2128 3525 2338 3586 Novembris..

460 3695 643 3792 Philippus
665 3689 905 3796 Μοίοοοίιιίιοιι
925 3693 1098 3758 Ιοοοίιίιιιο
1122 3695 1313 3762 Camerarto
1336 3677 1548 3780 PnbergsV.
1571 3708 1639 3777 opt.
1662 3699 1769 3756 enrico
1797 3692 1832 3756 S.
1855 3711 2000 3768 summo,
2030 3689 2066 3756 S.
2089 3691 2133 3756 t).

400 3825 477 3882 Sunt
497 3819 617 3897 quidem
639 3817 783 3876 scolastici
804 3818 991 3894 magistratus
1012 3821 1151 3896 opinione
1175 3819 1334 3880 multorum
1355 3837 1454 3898 neque
1477 3820 1619 3896 dignitate
1641 3829 1844 3897 praestantes,
1860 3828 1906 3875 'et
1927 3817 2059 3878 laborum
2081 3828 2171 3894 atque
2193 3820 2321 3897 pericu-

273 3916 369 3972 lorum
389 3905 581 3985 singularium
603 3913 761 3979 expertes:
805 3902 908 3979 thue
930 3902 1083 3961 doctorum
1106 3903 1249 3980 sapientis
1269 3900 1387 3984 guida
1405 3892 1464 3964 οὔκ
1493 3897 1582 3982 ἔχειν
1606 3904 1794 3982 perbihetur:
1830 3905 1870 3962 ita
1891 3902 1996 3960 honum
2017 3904 2096 3964 inter
2117 3904 2199 3980 ipsos
2221 3905 2323 3962 admi-

271 3998 405 4069 nistratio
419 3992 496 4051 lenis
510 4001 541 4048 et
563 3987 679 4067 placida
701 3999 732 4043 et
752 3997 818 4049 tute
840 4003 906 4046 esse
929 3988 1069 4048 creditur.
1113 3990 1158 4046 Tu
1184 3997 1287 4048 tamen·
1304 3991 1437 4066 proiecto
1460 4003 1491 4050 et
1514 3991 1629 4056 sensisti
1650 4007 1730 4050 nuuc
1752 3990 1840 4049 etiam
1862 4001 1972 4066 quanta
1992 3989 2128 4051 molestia
2146 3988 2185 4045 sit
2207 3983 2251 4050 ἐν
2274 3985 2323 4068 aqi

272 4076 408 4167 ἄρχειν,
430 4088 461 4137 et
477 4085 621 4135 semestre
638 4083 720 4130 tunm
737 4071 852 4130 finitum
872 4089 939 4132 esse
961 4073 1048 4134 ualde
1070 4074 1198 4133 laetaris.
1242 4077 1341 4154 atque
1363 4087 1463 4138 essent
1483 4075 1609 4136 sortasse
1632 4077 1662 4132 in
1684 4076 1792 4136 nostris
1815 4067 2065 4151 πολιτεύμασιν
2085 4073 2185 4134 facilia
2207 4075 2323 4149 omnia,

271 4172 297 4230 si
325 4187 385 4226 uon
412 4159 584 4224 scolasticus
613 4157 684 4215 ordo
709 4156 863 4234 iniquitate
884 4159 1011 4236 quadam
1034 4160 1082 4218 rel
1105 4159 1256 4218 hominum
1278 4161 1328 4220 rel
1351 4173 1516 4239 temporum
1539 4161 1669 4240 graviter
1691 4161 1847 4224 laboraret.
1897 4159 2075 4237 Experimur
2091 4149 2175 4218 enim
2198 4161 2232 4217 iu
2254 4161 2322 4218 dies

272 4271 395 4330 magnas
409 4261 446 4308 et
464 4244 604 4307 difficiles
623 4242 859 4318 adrersatloues‚
882 4253 947 4310 culn
965 4245 1072 4322 ‘quibus
1094 4245 1177 4308 mets
1199 4247 1454 4320 eatluctandum,
1474 4247 1582 4326 impari
1597 4246 1720 4324 ‚quidem
1744 4256 1906 4323 apparatu,
1930 4260 1962 4304 et
1983 4243 2140 4314 admodum
2163 4243 2322 4302 dissimili·

269 4342 325 4399 bns
347 4337 448 4414 copiis.
491 4331 567 4390 Nam
591 4329 695 4406 quibua
716 4345 769 4385 nes
790 4328 878 4386 rebus
900 4330 1036 4388 instructi
1058 4347 1175 4400 sumus,
1197 4330 1228 4386 id
1250 4344 1313 4407 est,
1341 4331 1521 4391 humanitate
1544 4343 1575 4391 et
1597 4332 1690 4391 literis
1712 4343 1743 4391 et
1765 4332 1905 4393 mediocri
1926 4331 2091 4392 eruditione
2112 4348 2146 4388 ac
2169 4328 2322 4407 doctrina,

272 4441 328 4484 eae
350 4437 449 4500 neque
469 4419 573 4477 firmae
594 4415 664 4474 satis
685 4412 723 4470 ad
743 4415 978 4496 protegendum,
1000 4433 1098 4494 neque
1121 4413 1237 4474 validae
1258 4416 1297 4474 ad
1319 4417 1541 4484 defendendum
1564 4419 1755 4496 reperiuntur
1778 4415 1831 4475 hoc
1854 4429 2007 4495 tempore,
2028 4435 2085 4494 quo
2107 4416 2196 4474 animi
2218 4415 2322 4474 homi·

270 4528 342 4568 num
366 4504 532 4564 divitiarum
555 4513 586 4560 et
606 4497 758 4578 potentiae
780 4501 940 4577 splendore
963 4503 1059 4579 capti,
1091 4499 1198 4559 favoris
1221 4514 1252 4561 et
1275 4504 1496 4562 existimationis
1519 4500 1603 4582 quasi
1626 4503 1735 4562 viribus
1755 4503 1910 4562 destitutas
1932 4501 1998 4560 illas
2021 4498 2183 4559 imbecilles
2204 4511 2240 4559 et
2263 4495 2323 4564 ἐν·

272 4585 424 4673 νικῇτοος
452 4588 616 4664 relinqunt.
664 4584 740 4641 Nam
770 4585 849 4663 quod
872 4587 910 4645 sit
931 4586 1163 4646 adrersariorum
1183 4589 1288 4664 robur,
1316 4607 1392 4667 quae
1414 4602 1444 4650 et
1467 4607 1554 4668 quarn
1577 4588 1669 4652 densa
1690 4589 1824 4668 agmina,
1854 4605 1929 4666 quae
1952 4588 2078 4658 virorum
2101 4603 2321 4665 armorumque

270 4677 441 4752 instructio,
468 4668 542 4731 nihil
569 4682 616 4729 est
643 4687 767 4728 necesse
795 4671 953 4747 perscribi,
983 4673 1157 4750 praesertim
1181 4672 1218 4730 ad
1241 4684 1289 4750 te,
1322 4694 1410 4752 quem
1432 4675 1539 4736 certius
1561 4675 1657 4731 omnia
1679 4693 1765 4753 quam
1788 4674 1899 4748 velles,
1929 4693 1985 4731 non
2008 4672 2156 4730 audiendo
2179 4671 2235 4730 sed
2260 4689 2321 4730 ex-

269 4762 415 4844 periundo
443 4757 622 4835 comperisse
651 4756 720 4814 scio.
770 4759 866 4834 Atque
892 4758 1002 4816 utinam
1032 4769 1111 4818 esset
1136 4759 1217 4816 inter
1246 4775 1297 4818 eos
1327 4761 1415 4820 modo
1445 4759 1599 4819 concordia
1627 4769 1658 4817 et
1687 4761 1851 4818 animorum
1878 4759 2122 4835 voluntatumque
2144 4757 2320 4833 consensio,

270 4857 394 4929 quornm
413 4864 492 4907 unus
512 4843 585 4902 ordo
607 4854 652 4900 est
674 4840 732 4900 snt
753 4839 817 4918 μία
835 4841 887 4912 τίς
908 4833 984 4902 οἷον
1005 4841 1195 4926 συμμορία,
1218 4861 1317 4924 neque
1339 4846 1367 4903 in
1389 4846 1574 4925 professione
1597 4845 1774 4924 pulcerrima
1795 4847 1969 4924 optimarum
1992 4843 2189 4902 literarum-et
2202 4843 2321 4900 artium

269 4947 485 5014 usurparentur
511 4927 686 4986 alienissima
715 4928 812 4984 studia
840 4929 1019 5004 pertinaciae
1040 4943 1071 4989 et
1093 4930 1340 5007 malevolentiae,
1372 4932 1412 4990 ita
1442 4933 1520 4990 enim
1549 4932 1654 4990 melius
1676 4930 1724 4989 rel
1747 4930 1879 4990 cedendo
1902 4931 1950 4988 rel
1972 4929 2154 5006 dimicando,
2188 4929 2216 4986 si
2237 4947 2320 5006 opus

270 5031 367 5094 esset,
389 5021 520 5078 salutern
549 5030 700 5092 possemus
730 5013 825 5090 tueri,
861 5031 927 5072 nam
958 5015 1129 5094 dignitatem
1160 5017 1239 5094 quod
1268 5033 1422 5095 speremus
1446 5017 1526 5082 mihil
1554 5028 1616 5093 est,
1649 5035 1736 5094 quarn
1765 5035 1882 5093 prorsus
1903 5017 2061 5087 amisimus
2107 5013 2185 5094 Dicit
2208 5027 2320 5074 noster

271 5105 341 5164 ciris
362 5100 577 5161 Demosthenes
606 5096 786 5174 locupletem
816 5115 881 5157 esse
911 5101 1120 5177 rempublicam
1150 5120 1234 5177 eam,
1265 5120 1342 5181 quae
1362 5104 1503 5163 societate
1526 5115 1558 5162 et
1578 5103 1639 5161 fide
1661 5114 1691 5160 et
1714 5101 1920 5160 benevolentia
1941 5115 2099 5178 augeatur,
2129 5099 2233 5178 quibus
2260 5121 2320 5157 no-

270 5201 349 5250 strae
377 5187 443 5246 sere
472 5186 696 5243 communitates
726 5201 913 5262 nequaquam
940 5186 1099 5248 abundant.
1150 5187 1210 5246 Sed
1241 5188 1314 5245 haec
1342 5188 1381 5248 de
1411 5189 1536 5267 quodam
1565 5205 1653 5246 sensu
1686 5188 1821 5246 miseriae
1849 5197 1967 5246 numae
1996 5187 2139 5264 copiosius
2158 5184 2320 5262 disparari

270 5294 358 5354 qnam
381 5272 479 5330 debui.
523 5271 562 5328 Et
584 5268 770 5344 cogitandam
797 5271 879 5328 nobis
902 5280 963 5345 ast,
986 5289 1052 5330 cum
1066 5282 1174 5331 ·aoatra
1196 5273 1306 5334 delicta
1327 5284 1386 5332 tam
1409 5275 1513 5352 prioris
1534 5288 1622 5351 qnam
1644 5273 1829 5351 quotidianae
1850 5274 1927 5332 ritae
1949 5273 2060 5332 mereri
2079 5271 2321 5331 animadversio-

271 5433 330 5444 ...u-

261 5569 265 5576 ,
303 5519 335 5588 *)
353 5519 453 5586 rogc‚]
476 5521 527 5571 nt.
545 5521 621 5570 tow.
641 5525 752 5586 typogr.
772 5535 883 5576 errore:
908 5537 989 5590 roga,
1118 5490 1122 5499 Δ
