4910 5964
284 273 362 352 eoa
430 281 480 314 -·
565 316 582 346 .-
832 334 837 343 .
909 267 1033 342 ean.
1058 267 1173 342 amu.
1199 263 1405 366 scalers
1428 261 1708 339 arsromos..
1784 223 1787 230 ”
1867 247 1870 253 “
2006 257 2011 267 ’
2247 253 2330 334 soe

284 447 419 520 nonius
444 445 520 520 sine
546 443 800 527 dimicatione,
840 443 939 537 quod
961 465 1038 512 non
1067 441 1221 525 lecisset,
1246 439 1280 514 si
1336 433 1602 509 conditionibus
1634 434 1890 520 deliberaturi,
1933 455 2023 528 quas
2049 432 2171 505 Caroli
2201 431 2330 526 legatis
2444 467 2445 480 ι

287 553 444 622 duorum
473 551 627 623 fratrum
652 545 796 638 ingenia
827 557 863 614 et
885 537 980 616 vines
1003 543 1284 636 contempsisset.
1334 538 1560 631 proposituri
1585 552 1709 626 mant,
1748 538 1812 634 qui
1835 537 2046 630 Mogorntiae
2069 548 2237 607 eventum
2271 559 2333 604 ex-

289 653 414 747 Quare
445 675 523 722 nou
556 649 683 720 dubito
716 669 822 740 posse
850 646 938 716 iniri
964 647 1143 718 rationem
1172 647 1283 716 electo
1335 642 1537 735 pectabant.
1654 695 1658 704 .
1957 706 1958 710 ,
1994 684 1997 692 ν
2096 724 2102 732 ¹
2141 709 2143 718 ,
2444 727 2445 732 ¹

289 753 509 826 Germanico
530 751 713 846 principe,
744 774 791 821 ne
816 749 849 818 ei
869 750 983 833 vires,
1010 750 1156 842 copiae,
1183 767 1283 817 arma
1437 742 1524 815 Fuit
1538 744 1648 836 igitur
1666 745 1710 815 de
1735 741 2001 814 conditionibus
2026 738 2097 812 illis
2118 753 2244 833 postea
2265 761 2335 830 per

287 858 408 928 desint
430 858 477 928 ad
501 856 673 928 tuendam
692 851 925 924 autoritatem
941 852 1042 922 domi
1057 865 1093 923 et
1110 852 1208 945 apud
1225 875 1287 920 ex·
1336 846 1477 940 aliquot
1501 847 1577 918 dies
1600 871 1677 916 uon
1700 847 1820 918 minus
1842 843 2102 926 contentionis,
2129 861 2222 937 quae
2245 865 2335 936 per·
2444 927 2445 937 ἵ

288 972 398 1032 teros.
1336 949 1490 1039 scriptae
1519 962 1554 1018 et
1575 949 1802 1041 Moguntiam
1825 949 1873 1018 ad
1900 948 2037 1043 legatos
2064 945 2215 1030 missae,
2247 969 2334 1015 cnm

392 1059 552 1152 Exposui
583 1056 766 1149 opinionis
792 1079 937 1141 causas,
968 1065 1045 1126 u'on
1064 1068 1108 1126 ut
1128 1055 1287 1148 postadat
1339 1063 1456 1122 essem
1470 1064 1668 1143 receptae,
1688 1052 1764 1124 dies
1781 1049 2011 1124 constituitur
2023 1047 2133 1120 eundi
2146 1049 2186 1118 in
2203 1047 2335 1120 suffra·

287 1163 502 1256 magnitudo
534 1159 689 1253 negotii,
726 1161 789 1230 sed
819 1170 860 1228 ut
886 1158 925 1228 in
947 1158 1148 1250 praesentia
1170 1157 1287 1251 potui,
1318 1152 1436 1245 ¹gium
1451 1153 1593 1224 solenni
1607 1178 1722 1226 more.
1772 1151 1897 1247 Itaque
1916 1170 2041 1225 rursttr
2065 1173 2167 1222 sacro
2189 1150 2335 1242 publice
2444 1183 2445 1192 ι

289 1267 518 1359 maximeque
544 1263 650 1354 cupio
674 1261 819 1344 audire,
860 1262 948 1355 quid
972 1261 1134 1331 iudicent
1156 1259 1287 1330 caeteri
1337 1257 1452 1338 iacto,
1483 1256 1633 1348 ingressi
1654 1256 1693 1326 in
1716 1257 1912 1328 sacrarium
1931 1253 2085 1338 interius
2103 1253 2231 1347 templi
2246 1251 2337 1322 Divi

290 1367 494 1451 Electores,
529 1367 592 1460 qni
614 1365 677 1434 diu
696 1361 844 1456 Imperii
861 1362 1019 1434 consiliis
1034 1363 1290 1448 interfuerunt,
1338 1353 1610 1429 Bartholomaei
1634 1358 1803 1451 suffragia
1824 1360 1945 1430 lerunt
1967 1353 2038 1428 boc
2051 1356 2191 1427 ordine.
2243 1355 2338 1426 Coe-

292 1472 356 1566 qui
388 1468 607 1540 Germaniae
640 1478 773 1538 statum
810 1477 845 1536 et
877 1466 990 1550 vires,
1026 1466 1089 1560 qui
1124 1465 1288 1536 omnium
1339 1473 1397 1531 tus
1419 1459 1633 1532 Electornm*
1656 1462 1816 1556 reliquus
1841 1461 2042 1553 interrogat
2063 1458 2336 1552 Mogentinum,
2444 1541 2445 1550 ἵ

290 1572 497 1666 principum
521 1568 664 1660 ingenia
688 1581 722 1639 et
740 1568 925 1639 facultates
940 1580 1096 1653 norunt,
1130 1571 1193 1663 qui
1210 1567 1289 1636 Ma·
1340 1586 1447 1656 quem
1470 1563 1579 1656 eligat
1594 1563 1730 1657 Regem
1746 1563 1998 1635 Romanorum
2023 1575 2063 1632 et
2079 1563 2240 1634 futurum
2263 1557 2337 1630 lm-

291 1674 472 1746 'ximiliani
486 1672 633 1743 consilia
650 1673 694 1742 de
709 1673 817 1742 rebus
836 1666 891 1741 bis
911 1671 1165 1742 meminerunt.
1217 1669 1289 1740 De·
1340 1677 1559 1757 peratorem.
1625 1665 1902 1760 lsrcspondet,
1941 1691 1980 1736 sc
2007 1664 2137 1756 eligere
2161 1663 2336 1734 Carolnm

291 1778 403 1874 nique
437 1773 501 1870 qni
533 1775 682 1867 longum
716 1775 755 1843 in
790 1773 1102 1844 administratione
1131 1770 1289 1865 imperii
1339 1763 1578 1840 Arebidueem
1592 1769 1770 1842 Austriae.
1821 1769 1961 1840 Deinde
1977 1780 2012 1839 et
2027 1765 2264 1860 Mogentinus
2280 1789 2338 1836 re-
2444 1763 2445 1798 l

292 1905 399 1952 usum
431 1873 587 1960 habent,
619 1899 775 1971 quorum
808 1899 891 1945 cnm
918 1875 1068 1946 audiero
1095 1875 1289 1960 orationes,
1340 1870 1459 1965 liquos
1481 1872 1691 1963 interrogat.
1757 1871 1837 1942 Hoc
1862 1869 1973 1947 ruodo
1996 1871 2168 1945 omnium'
2185 1893 2337 1965 consen
2444 1957 2445 1972 χ

293 1983 339 2054 de
359 1993 436 2052 tota
456 2004 495 2050 re
516 1979 722 2070 diligentius
748 1979 932 2070 disputare
956 1990 1097 2070 potero.
1341 1972 1512 2045 tientibus
1534 1975 1712 2066 suffragiis
1729 1974 1880 2046 Carolus
1895 1977 2032 2053 electus
2052 1987 2104 2044 est
2122 1971 2337 2066 imperator.

399 2080 490 2154 Cum
506 2081 625 2152 dicere
640 2080 801 2153 desiisset
818 2079 968 2163 Trevir',
995 2079 1096 2149 taciti
1113 2079 1290 2174 aliquam·
1341 2075 1482 2146 Deinde
1503 2078 1672 2168 suffragia
1697 2077 1808 2148 relata
1833 2091 1917 2149 sunt
1934 2078 1972 2146 in
1987 2078 2131 2161 literas,
2144 2089 2194 2146 -et
2206 2077 2337 2146 confir-

294 2187 357 2258 diu
378 2187 549 2257 sederunt
572 2183 773 2276 principes,
815 2195 988 2276 tanquam
1014 2163 1137 2254 defixis
1159 2183 1290 2254 animis
1342 2191 1438 2248 mata
1461 2178 1685 2270 singulorum
1709 2179 1844 2271 sigillis.
1894 2175 2024 2251 Postea
2046 2179 2215 2250 accersita
2231 2178 2338 2250 nobi-

293 2290 333 2360 iu
355 2287 573 2381 cogitatione
599 2285 786 2380 utriusque
811 2285 998 2357 orationis.
1066 2283 1289 2376 Exaggerata
1341 2281 1441 2350 litate
1466 2305 1508 2350 ac
1530 2281 1761 2354 multitudine
1783 2282 1972 2368 universa,
2006 2283 2147 2374 publice
2164 2283 2259 2352 facta
2283 2293 2338 2352 est

295 2393 391 2462 enim
414 2388 661 2481 magnitudine
676 2387 928 2481 'periculorum
946 2387 986 2457 in
1002 2399 1156 2483 utraque
1174 2400 1290 2480 parte,
1341 2383 1584 2478 renuntiatio,
1610 2409 1690 2454 cum
1708 2385 1747 2454 in
1762 2381 1857 2455 banc
1878 2386 2091 2458 sententiam
2113 2381 2241 2457 babuit
2255 2381 2337 2454 llio·

295 2493 525 2589 quorundam
561 2490 702 2562 animos
733 2485 900 2560 nonnihil
926 2489 1120 2581 impulerat
1145 2490 1290 2574 Trevir,
1343 2487 1514 2577 guntinus
1526 2486 1741 2559 orationem.
2068 2510 2072 2518 ·

294 2609 336 2668 nt
352 2597 398 2666 ad
414 2595 503 2666 illud
518 2595 770 2676 decurrerent,
795 2604 837 2662 ut
852 2592 991 2663 omissis
1005 2590 1165 2683 Regibus
1182 2615 1291 2686 quac·
1445 2588 1554 2680 Quod
1567 2589 1652 2659 felir
1664 2590 1894 2691 faustumque
1909 2589 1956 2662 sit
1969 2590 2149 2661 Ecolesiae
2163 2585 2338 2662 Claristia-

294 2711 417 2772 rercnt
440 2697 596 2791 aliquem
623 2695 734 2767 alium
756 2719 799 2764 ex
816 2693 1040 2766 Germanicis
1055 2694 1291 2787 principibus.
1342 2715 1430 2774 nae,
1462 2689 1619 2784 imperio
1639 2705 1765 2764 nostro
1789 2705 1825 2762 et
1848 2693 2007 2785 patriae,
2039 2693 2212 2763 renuntio
2235 2691 2340 2764 vobis

295 2802 365 2872 Sed
377 2798 475 2878 bunc
489 2811 722 2893 quaerentes,
746 2797 876 2869 animis
893 2797 1006 2888 magis
1021 2795 1130 2866 etiam
1150 2797 1292 2868 dubita·
1342 2794 1493 2864 electum
1515 2818 1589 2866 esse
1606 2795 1742 2887 Regem
1758 2794 2030 2882 Romanorum,
2057 2796 2337 2888 ettdesignatum

295 2907 397 2974 bant.
439 2900 568 2973 lubent
584 2901 694 2992 igitur
710 2901 856 2970 tandem
872 2899 1097 2970 Fridericum
1113 2899 1291 2970 Senoniae
1341 2895 1622 2989 Imperatorem,
1655 2898 1826 2970 Carolnm
1848 2893 2089 2970 Archiducem
2109 2899 2281 2971 Anstriae
2302 2911 2340 2968 et

161 3093 165 3102 ,
296 3005 454 3088 Ducem,
480 3016 569 3078 natu
586 3005 804 3082 maximnm,
830 3027 932 3074 suam
949 3002 1291 3098 sententiam'expo·
1341 2999 1595 3090 Burgundiae,
1620 2999 1755 3094 Regem
1772 3001 1981 3092 Hispaniae.
2033 3001 2114 3095 Qua
2135 3001 2175 3071 in
2200 3025 2241 3071 re
2265 3001 2339 3093 pri·

296 3132 404 3191 nere,
430 3105 495 3200 qui
519 3128 632 3197 pauca
655 3105 837 3196 praefatus
855 3106 898 3174 de
915 3107 1014 3196 lege,
1040 3105 1149 3190 dixit,
1182 3105 1293 3174 iuter·
1343 3127 1444 3172 mum
1474 3104 1632 3195 agendae
1660 3116 1746 3174 sunt
1765 3102 1847 3174 Deo
1872 3103 2041 3196 gratiae,
2065 3107 2164 3198 quod
2195 3125 2338 3176 somma

295 3208 537 3304 pretationem
556 3207 700 3279 Treviri
719 3207 942 3278 subtiliorem
967 3232 1060 3292 csse,
1086 3231 1196 3302 quam
1220 3230 1291 3302 qua
1344 3206 1536 3276 concordia
1571 3217 1609 3276 et
1640 3207 1944 3278 consentientibus
1970 3196 2176 3280 Electorum
2202 3207 2339 3300 princi·
2444 3203 2445 3212 ’

296 3313 351 3385 uti
375 3313 473 3405 ipsos
499 3311 640 3391 deceat;
683 3309 911 3405 addiditque,
950 3335 1026 3382 non
1053 3311 1292 3382 dubitandum
1343 3333 1430 3400 pum
1445 3307 1693 3401 suffragiisres
1709 3322 1808 3380 tanta
1825 3311 1980 3402 perlecta
1995 3321 2060 3382 est.
2112 3310 2222 3400 Saepe
2235 3309 2337 3378 enim

234 3474 246 3484 .
297 3439 392 3501 esse,
432 3413 522 3509 quin
547 3414 606 3489 lex
632 3413 807 3506 impediat
832 3415 927 3484 Galli
951 3414 1182 3501 electionem,
1218 3413 1292 3506 pla·
1344 3424 1449 3482 antea
1483 3437 1564 3483 cum
1599 3411 1889 3485 dissentientibus
1914 3411 2122 3484 Electorum
2146 3409 2269 3494 studiis
2296 3423 2335 3482 et

295 3543 384 3590 num
419 3530 454 3587 et
483 3517 571 3589 illud
601 3540 697 3603 esse,
732 3516 903 3588 Carolnm
928 3541 1011 3588 vere
1032 3518 1290 3592 Germanicum
1343 3514 1590 3586 voluntatibus
1610 3515 1742 3586 diversi
1764 3517 1997 3610 eligerentur,
2030 3529 2110 3588 orta
2133 3525 2217 3588 sunt
2238 3514 2337 3585 inter

210 3669 213 3674 -
294 3621 498 3714 principem
521 3643 617 3703 esse,
652 3632 687 3689 et
709 3621 747 3689 in
764 3620 961 3691 Germania
986 3620 1209 3692 domicilium
1228 3614 1292 3690 ha·
1343 3618 1546 3690 Germanos
1565 3617 1657 3688 bella
1681 3618 1798 3688 civilia
1815 3619 1920 3712 plena
1936 3619 2041 3713 impii
2053 3619 2188 3702 furoris
2209 3629 2246 3690 et
2258 3641 2340 3688 cru·

294 3727 398 3803 bere;
441 3737 478 3794 et
509 3745 601 3813 opus
627 3747 703 3794 esse
737 3719 794 3794 bis
826 3723 1042 3795 turbulentis
1068 3723 1292 3815 temporibus
1343 3721 1518 3805 delitatis,
1544 3721 1584 3790 in
1609 3721 1740 3815 quibus
1760 3720 1862 3793 domi
1881 3734 2008 3794 mutua
2028 3725 2135 3794 caede
2150 3723 2218 3794 fles
2231 3721 2340 3792 nobi-

295 3825 473 3919 principe,
495 3824 559 3918 qui
576 3825 807 3896 autoritatem
822 3825 954 3897 virtute
971 3840 1006 3896 et
1020 3827 1181 3918 potentia
1199 3825 1292 3896 tueri
1342 3824 1455 3895 litatis
1486 3823 1662 3895 extinctus
1691 3835 1754 3897 cst.
1811 3825 2033 3919 Absumptae
2061 3825 2209 3919 imperii
2232 3824 2339 3908 vires,

296 3927 421 4021 possit.
472 3923 557 3996 ldeo
577 3951 614 3996 se
636 3951 710 3998 non
725 3928 912 4012 dubitare,
938 3929 1028 4024 quin
1044 3929 1212 4002 o'mnibus
1228 3953 1291 3997 an·
1343 3951 1385 3996 ac
1402 3949 1517 4019 paene
1532 3925 1701 3998 universa
1716 3928 1913 3998 Germania
1928 3929 1972 3998 in·
1981 3928 2213 4000 solitudinem
2230 3927 2338 3998 vasti·

295 4031 500 4104 telerendus
526 4028 573 4099 sit
601 4027 753 4100 Carolus
776 4026 961 4102 Archidux
985 4032 1164 4102 Austriae.
1220 4031 1292 4101 Sed
1342 4042 1526 4124 tatcmque
1547 4031 1693 4100 redacta
1713 4043 1777 4102 cst.
1815 4031 1920 4120 Foris
1935 4045 2053 4103 eutem
2071 4053 2207 4104 nomen
2222 4030 2339 4122 impe·

203 4204 205 4210 s
297 4146 419 4205 tamen
434 4132 534 4226 prius
549 4132 773 4202 conditiones
788 4136 959 4227 quasdam
977 4134 1188 4206 eilerendas
1205 4158 1292 4222 esse,
1342 4132 1390 4202 rii
1404 4132 1520 4205 nostri
1535 4134 1722 4207 contemni
1731 4135 1871 4226 coepit,
1890 4132 1992 4204 ltalia
2008 4136 2170 4219 delicere,
2197 4147 2234 4204 et
2247 4133 2338 4204 elios
2444 4153 2445 4172 ¹

297 4239 398 4307 utin
419 4249 498 4308 tuto
519 4235 565 4307 sit
582 4235 801 4307 Germaniae
820 4237 984 4321 libertas,
1012 4251 1048 4308 et
1063 4251 1104 4308 ut
1120 4238 1292 4331 pericula,
1343 4235 1457 4328 Reges
1481 4259 1680 4320 accersere,
1712 4237 1853 4309 ‘l'urcae
1877 4237 2027 4329 impune
2047 4238 2221 4331 grassari,
2248 4237 2337 4306 dum

297 4341 342 4408 de
372 4339 502 4433 quibus
531 4339 750 4431 disputatum
786 4351 858 4424 cst,
896 4353 1073 4435 quantum
1107 4341 1293 4433 provideri
1344 4365 1411 4411 nos
1426 4339 1591 4432 impliciti
1604 4341 1809 4413 domesticis
1822 4342 1942 4425 bellis,
1967 4343 2165 4435 reprimere
2181 4363 2244 4412 eos
2260 4363 2338 4410 non
2444 4359 2445 4382 ¹

297 4453 435 4534 potest,
462 4455 667 4512 caveantur.
718 4441 856 4513 Eadem
880 4443 1174 4515 sententiadieta
1199 4457 1290 4517 esta
1344 4443 1540 4536 potuimus.
1601 4443 1718 4514 Porro
1750 4457 1927 4539 quantum
1961 4445 2050 4516 mali
2076 4441 2146 4516 hoc
2171 4459 2339 4536 tempore
2444 4457 2445 4490 ι

297 4543 445 4616 caeteris
458 4541 697 4616 Electoribns.
1344 4547 1522 4618 discordia
1538 4544 1741 4618 Electorem
1762 4549 1925 4640 paritura
1950 4548 2043 4618 erat!
2077 4573 2158 4620 cum
2183 4569 2259 4616 non
2279 4571 2338 4616 so-
2444 4571 2445 4600 ι

398 4646 530 4720 'l'revir
552 4671 632 4718 cnm
655 4647 794 4719 videret
814 4649 978 4720 omnium
1001 4649 1143 4721 animos
1163 4651 1210 4720 ad
1224 4649 1292 4720 Ca·
1343 4651 1418 4720 lum
1436 4649 1658 4722 Germaniae
1668 4650 2137 4743 Principes,'sedlortassis
2151 4651 2261 4722 etiem
2277 4673 2337 4718 er·

286 4751 415 4834 'rolum
437 4749 635 4835 inclinare,
669 4775 861 4842 agnoscere
883 4777 942 4837 se,
975 4753 1115 4848 inquit,
1140 4753 1292 4824 Germa·
1344 4754 1413 4823 teri
1436 4777 1537 4844 reges
1558 4753 1597 4821 iu
1617 4754 1735 4824 media
1751 4753 1944 4826 Germania
1968 4756 2013 4824 de
2033 4751 2180 4847 Imperii
2197 4775 2338 4847 posses-

296 4855 379 4925 niae
395 4857 523 4938 latum,
543 4866 579 4924 et
594 4853 863 4946 impendentem
878 4853 1026 4948 lmperii
1040 4855 1291 4927 mutationem.
1343 4857 1445 4928 sione
1458 4856 1664 4928 dimicaturi
1679 4857 1839 4929 luissent.
1889 4857 1970 4930 Nec
1980 4857 2109 4928 leviter
2123 4869 2260 4929 tentata
2278 4879 2335 4926 res

297 4957 516 5052 Quanquam
536 4957 646 5050 igitur
659 4981 734 5029 non
750 4959 883 5031 desinit
896 4954 1057 5043 hortari,
1086 4972 1128 5032 ut
1141 4958 1292 5050 diligen·
1344 4974 1416 5044 est,
1447 4973 1489 5030 ut
1515 4983 1708 5032 consensus
1734 4973 1860 5032 noster
1885 4960 2152 5048 dissqlveretnr.
2211 4959 2338 5053 Quare
2444 5029 2445 5048 ,

297 5061 369 5130 tius
388 5056 477 5132 baec
498 5086 555 5132 res
575 5063 815 5148 deliberetur,
847 5075 970 5132 tamen
994 5063 1149 5134 affirmat
1171 5087 1208 5133 se
1226 5087 1291 5154 pu-
1343 5069 1408 5154 'ego
1432 5062 1578 5158 quidem
1603 5087 1678 5135 non
1700 5065 1821 5136 minus
1845 5077 1993 5157 propter
2014 5063 2246 5134 concordiam
2268 5085 2338 5130 no·

149 5175 151 5182 ⁴
212 5237 217 5244 ,
295 5161 411 5234 blieae
441 5165 655 5234 concordiae
691 5189 797 5237 causa
829 5191 934 5238 suum
964 5165 1176 5256 suffragium
1207 5187 1289 5236 cum
1342 5179 1475 5251 marn,
1508 5191 1617 5261 quam
1642 5181 1791 5260 propter
1812 5167 2021 5238 electionem
2044 5167 2181 5259 ipsam,
2206 5166 2337 5248 laetor,
2444 5147 2445 5222 l

296 5263 368 5336 illis
389 5267 664 5349 coniuncturum
693 5292 780 5340 esse.
837 5269 915 5338 Hac'
938 5270 1113 5340 acerrima
1143 5280 1290 5338 conten·
1341 5268 1640 5365 Deoquegtatias
1660 5295 1747 5362 ago,
1773 5271 1990 5366 qui-mentes
2006 5270 2169 5342 omnium
2185 5270 2233 5338 ad
2250 5290 2337 5351 con-

296 5369 396 5440 tione
417 5368 493 5442 eius
516 5368 588 5440 diei
607 5371 645 5440 in
661 5373 811 5442 multam
829 5385 972 5445 noctem
988 5375 1186 5464 producta,
1210 5384 1290 5440 tan-
1342 5375 1503 5444 cordiam
1536 5373 1761 5444 retinendam
1791 5373 1890 5446 flexit
1907 5387 1946 5464 et
1966 5372 2192 5466 gubernavit.
2251 5369 2336 5464 Qua

295 5474 378 5544 dem
414 5472 464 5544 ita
501 5473 706 5580 discedunt,
740 5486 780 5544 ut
805 5475 978 5566 postridie
1005 5477 1221 5548 conveniant
1243 5477 1290 5566 dc
1340 5475 1519 5549 incolumi
1546 5481 1731 5570 speram
1755 5473 2004 5550 bnic1nationi
2025 5481 2102 5548 uon
2125 5474 2338 5547 defuturum
