4920 5956
121 217 195 294 74⁹
625 209 702 287 Vll.
755 208 1126 290 consummante
1149 211 1474 288 DlALECTlCliS'
1491 213 1655 287 RATlO.

118 379 502 484 accommodatam'fl).
550 382 625 454 iarn
644 387 694 456 de
714 400 1008 479 argumentorum
1034 413 1112 462 mo·

119 494 207 564 teria
232 490 513 584 praecipiemus,
540 511 634 583 quae
656 511 740 580 pars
756 489 897 560 invenit
911 491 1113 577 rosteriem,

2081 217 2158 293 760

1441 386 1665 456 Locorum
1693 385 1875 459 divisio.

1267 523 1363 595 'l'um
1387 527 1531 595 demum
1555 523 1731 592 videberis
1747 525 1860 614 probe
1876 521 2064 596 adsecutus
2083 549 2158 596 esse

118 620 189 690 ‘1¹¹³
207 595 351 688 P¹⁰b²⁸’
367 594 466 687 q⁰⁰d
481 591 707 684 P¹⁰P⁰⁸i²¹¹¹¹¹
723 603 786 662 εἰ
813 592 1111 685 9⁰³⁰⁸⁰P⁸¹l⁰¹e
1163 628 1282 712 locos,
1320 654 1401 698 cum
1431 625 1626 720 intelliges,
1659 625 1696 692 in
1719 648 1794 718 quo
1817 619 1994 711 themate,
2028 627 2158 721 quibus

117 698 211 814 mm}
236 696 368 766 “adita
394 707 498 776 ’ω’
524 694 570 812 δᾳ
595 693 840 816 ἰῃνξῃϋοηεω
864 697 1011 791 Pmpfi‘
1036 722 1111 768 ¹¹⁰⁰
1164 730 1251 800 locis
1273 727 1428 800 maxime
1449 742 1606 799 utamur.
1656 727 1783 823 Neque
1798 729 1892 798 enim
1909 751 2033 801 omnes
2049 729 2157 800 locia

118 809 320 894 pertinent,
351 798 412 869 sed
436 819 530 890 quae
552 819 624 864 ram
648 809 794 865 anventa
819 809 903 868 sunt
926 803 1110 894 quomodo

1164 832 1356 904 dialecticis
1381 833 1525 916 traditi,
1558 835 1602 900 ad
1627 829 1810 898 dialectica
1831 825 1991 900 themata
2010 833 2158 925 proprie

119 912 329 1021 curantem,
355 900 498 1018 d⁰⁰f¹¹¹1
548 895 646 967 Hm
665 902 861 1018 V²¹⁰J¹¹¹d²
877 913 990 1020 Pf¹³⁸s
1013 905 1111 1001 q⁰⁰d
1163 937 1363 1027 pertinent,
1389 937 1450 1006 sed
1473 959 1601 1025 magna
1626 945 1728 1026 parte
1743 926 1906 1006 rhetores
1921 931 1957 1003 in
1975 933 2158 1006 illustran-

117 1003 307 1074 drcendum
326 1013 396 1086 est,
421 1001 595 1071 indicant.
626 997 677 1070 Ut
693 1001 914 1071 aedificaturi
933 1028 1016 1076 saxa
1036 1031 1112 1074 ma·
1163 1040 1207 1108 da
1226 1037 1566 1109 orationeugumu„
1618 1031 1832 1104 maledicus
1848 1037 1970 1129 pauci,
1984 1036 2072 1107 1001,
2087 1037 2157 1107 uti}

116 1105 316 1200 l0fl⁰¹⁰q⁰⁰
333 1103 491 1197 Ptimum
507 1115 734 1197 ⁰⁰fflP³f³¹¹l2
752 1103 881 1176 deinde
898 1120 1111 1178 ⁶⁰¹¹⁵¹¹⁸¹²¹¹¹¹¹
1163 1151 1240 1227 tur,
1265 1140 1447 1228 linitione,
1472 1162 1620 1231 genere,
1645 1137 1781 1228 specie,
1805 1139 1987 1228 partibus,
2014 1139 2158 1227 caussis,

118 1207 169 1279 ex'
179 1205 256 1278 aliis
271 1208 360 1276 alias
374 1203 525 1276 aedificii
541 1217 680 1298 partes:
707 1205 756 1276 ita
776 1207 1011 1303 disputaturi,
1038 1210 1110 1302 pri·

116 1337 238 1395 munt,
264 1309 362 1403 quod
383 1308 517 1392 dicant,
539 1323 735 1404 quaerunt;
771 1311 900 1380 deinde
926 1325 1108 1406 repertum

117 1425 369 1504 argumentum
391 1411 609 1502 disponunt,
638 1411 926 1504 syllogismorum
946 1413 1111 1487 formulis

117 1513 432 1596 circumscribunt,
467 1509 742 1607 enthymematis
764 1515 947 1604 vinciunt,
979 1543 1109 1612 epago-

116 1618 170 1710 gis
193 1629 345 1702 ornant,
372 1615 541 1708 exemplis
564 1615 766 1702 illustrant,
797 1619 906 1690 sorite
931 1621 1109 1691 muniunt.

116 1721 259 1814 Quare,
284 1720 314 1790 si
331 1711 427 1816 quod
443 1715 562 1788 thema
582 1719 916 1813 pervestigandum,
942 1723 1112 1818 proposi-

114 1837 193 1894 tum
209 1821 336 1907 suerit,
362 1835 420 1905 ut,
447 1819 542 1893 Num
556 1821 751 1894 liberalitas
771 1825 817 1895 sit
831 1821 991 1897 Iustitiae
1013 1851 1110 1918 pars,

114 1939 156 1996 ut
172 1923 338 1996 Ciceroni
360 1925 522 2007 videtur,
548 1924 705 2015 primum
732 1950 752 1994 a
769 1927 858 2000 locis
879 1937 977 2022 petes
995 1931 1038 1999 de
1054 1954 1110 2014 eo,

116 2029 205 2124 quid
229 2027 299 2098 dici
322 2027 454 2118 possit,
489 2026 618 2098 deinde
652 2029 859 2104 alonnulis
882 2043 1110 2124 argumento·

115 2155 218 2214 rum,
243 2132 429 2224 quomodo
452 2146 643 2203 connectas
670 2145 927 2229 construasque
951 2135 1110 2205 inventa.

113 2232 204 2304 Loci
227 2231 324 2305 enirn
347 2245 432 2304 surtt
453 2231 551 2304 velut
566 2233 667 2325 signa
683 2236 882 2328 quaedam,
908 2237 1038 2332 quibus
1055 2261 1110 2305 re-

114 2359 218 2418 rum,
244 2359 339 2429 quae
359 2333 429 2406 dici
452 2337 671 2430 tractarique
692 2338 842 2423 debent,
875 2341 992 2432 capita
1018 2339 1111 2409 iodi-

114 2449 257 2510 cantur.

218 2633 261 2708 ln
283 2638 385 2708 omni
407 2652 620 2729 argumento
642 2665 764 2712 rerum
780 2643 962 2728 inventio,
987 2655 1023 2713 et
1037 2642 1111 2735 pri-

113 2764 174 2810 ma
192 2753 258 2823 est,
283 2753 320 2810 et
335 2739 557 2817 difficillima.
590 2743 684 2814 Nam
701 2745 915 2837 disponendi
931 2747 1108 2815 rationem

114 2843 192 2936 ipsa
226 2843 301 2928 iere
337 2867 459 2914 rerum
495 2845 655 2916 conditio
691 2869 755 2939 per
785 2871 860 2919 sese
887 2848 1109 2940 praescribit.

1163 1243 1318 1326 eventis,
1344 1267 1474 1334 nempe
1499 1267 1517 1310 a
1538 1241 1668 1336 quibus
1686 1241 1905 1315 necessariae
1923 1241 2157 1333 probationes

1163 1357 1344 1436 petuntur.
1408 1345 1501 1416 Nam
1540 1369 1621 1412 cum
1659 1341 1700 1412 in
1733 1341 1940 1415 universum
1974 1339 2043 1413 hoc
2074 1359 2157 1436 agat

1162 1445 1365 1531 dialectica,
1391 1459 1562 1542 utquam
1586 1444 1801 1526 certissima,
1828 1461 1863 1516 et
1887 1457 2063 1540 quatenus
2078 1447 2158 1518 fieri

1162 1563 1300 1643 potest,
1332 1549 1529 1620 necessaria
1559 1550 1706 1631 doceat,
1737 1547 1825 1619 locis
1854 1549 2000 1642 proprie
2029 1549 2157 1636 utitur,

1163 1651 1329 1747 aquibus
1344 1652 1540 1724 necessaria
1566 1663 1775 1742 argumenta
1796 1647 2039 1746 petuntur³'):
2073 1647 2156 1720 rhe-

1162 1767 1281 1824 torum
1301 1767 1364 1840 est,
1381 1780 1489 1851 quam
1504 1753 1659 1824 maxime
1674 1753 1874 1846 probabilia
1892 1753 2022 1838 dicere,
2043 1765 2155 1848 quare

1162 1869 1198 1926 et
1213 1858 1455 1949 probabilium
1470 1857 1560 1928 locis
1574 1856 1699 1926 utitur.
1740 1857 1816 1930 Nos
1829 1881 1905 1926 rem
1923 1856 2033 1948 paulo
2050 1857 2155 1927 altius

1161 1973 1384 2052 repetemus,
1409 1959 1601 2029 indicaturi
1627 1971 1662 2027 et
1681 1953 1868 2030 rhetorum
1893 1972 1930 2028 et
1953 1958 2156 2028 dialectico-

1162 2087 1243 2134 rum
1264 2063 1374 2136 locos.
1425 2060 1684 2147 Probationes,
1718 2059 1807 2132 aliae
1829 2059 2091 2148 inartificiales,
2115 2073 2157 2130 nt

1163 2189 1255 2259 quae
1280 2189 1299 2233 a
1320 2187 1488 2251 rumore,
1513 2163 1716 2248 atestibus,
1744 2188 1763 2232 a
1782 2165 1990 2249 tormentis,
2016 2165 2156 2233 atabu-

1162 2267 1206 2337 lis
1222 2269 1421 2348 ducuntur;
1448 2266 1538 2336 aliae
1563 2265 1764 2338 artificiales
1789 2281 1884 2338 sunt.
1935 2265 2012 2335 Hae
2035 2265 2156 2356 signis,

1164 2369 1396 2460 argumentis,
1422 2383 1457 2440 et
1472 2369 1641 2461 exemplis
1656 2381 1832 2438 constant.
1862 2367 1955 2440 Nam
1971 2364 2028 2438 his
2042 2391 2156 2437 mern-

1123 2491 1125 2496 ’
1162 2472 1236 2542 bris
1271 2472 1522 2566 probationem
1556 2469 1776 2540 artificialem
1814 2471 2060 2565 Quintilianus
2093 2471 2155 2539 ab·

1162 2575 1280 2647 solvit.

1533 2711 1595 2782 De
1627 2711 1782 2804 signis.

1267 2847 1375 2938 Signa
1392 2847 1440 2944 ⁸¹)
1467 2872 1572 2920 sensu
1597 2845 1816 2939 deprehensa
1843 2858 2010 2930 movent,
2050 2855 2090 2914 ut
2111 2827 2155 2916 ex

113 2945 240 3039 Quare
258 2947 561 3040 operaepretium
578 2960 644 3032 est,
667 2971 728 3036 ea,
753 2974 844 3043 quae
861 2950 1108 3021 inventionem
1161 2951 1212 3022 eie
1237 2951 1334 3021 aliud
1362 2951 1533 3044 quiddam
1566 2950 1765 3043 colligatur.
1824 2950 1993 3019 Alienum
2023 2971 2155 3038 prope·

113 3047 309 3131 adiuvant,
348 3073 489 3121 summa
524 3073 608 3120 cora
644 3063 681 3120 et
710 3051 896 3144 diligentia
929 3053 1108 3125 meditari.
1161 3058 1310 3125 modum
1335 3048 1404 3121 hoc
1425 3055 1681 3146 probationum
1704 3076 1815 3144 genus
1839 3055 1885 3122 ab
1906 3064 1982 3121 arte
2001 3050 2154 3120 videtur.

112 3151 322 3241 Scripturas
344 3173 381 3222 es
404 3152 592 3244 epistolam
616 3165 680 3222 ant
697 3155 920 3238 orationem,
945 3156 1110 3247 disputa·
1161 3155 1269 3247 Signa
1286 3155 1442 3247 duplicia
1459 3168 1562 3243 sunt,
1587 3155 1658 3226 alia
1676 3147 1894 3241 necessaria,
1922 3165 1974 3238 ut,
1995 3152 2155 3244 Peperit,

113 3267 219 3324 turus
241 3253 336 3326 esde
353 3256 460 3325 rebus
474 3251 749 3347 philosophicis,
776 3261 821 3328 de
833 3257 923 3328 iuris
939 3257 1110 3344 articulis,
1162 3281 1237 3328 non
1258 3270 1311 3328 est
1332 3257 1442 3346 igitur
1462 3257 1584 3348 virgo;
1617 3253 1769 3328 Athenis
1787 3259 1874 3341 suit,
1901 3281 1982 3328 curn
2003 3255 2063 3324 ille
2081 3255 2156 3324 tto-

113 3357 160 3425 de
174 3355 305 3438 sacris,
329 3356 417 3448 quid
429 3356 564 3427 scribas
579 3371 642 3427 aut
659 3359 775 3442 dicas,
800 3360 871 3428 loci
885 3360 1109 3432 indicabunt.
1161 3383 1245 3428 mae
1259 3359 1493 3442 occideretur,
1517 3383 1592 3430 non
1609 3359 1737 3430 occidit
1754 3361 1875 3450 igitur.
1925 3358 2005 3426 Alia
2022 3358 2154 3449 proba·

112 3461 189 3528 Aut
206 3457 360 3526 alienam
377 3458 579 3529 orationem
595 3459 815 3534 iudicaturus
832 3487 890 3546 es,
913 3476 1007 3532 certe
1025 3487 1111 3534 coo·
1161 3463 1267 3545 bilia,
1294 3474 1354 3545 ut,
1372 3461 1551 3554 Sepeliisti
1565 3463 1679 3544 solus,
1704 3462 1814 3552 igitur
1829 3459 2001 3556 occidisti.
2034 3461 2154 3552 Atque

113 3560 235 3633 silium
259 3559 335 3631 eius
354 3583 543 3656 nunquam
566 3556 865 3654 deprehenderis,
888 3564 959 3635 nisi
973 3577 1110 3658 specta·
1161 3561 1369 3636 huiusmodi
1383 3563 1494 3633 ferme
1510 3577 1565 3634 est
1577 3563 1819 3656 suspicionum
1834 3561 2001 3632 materies
2016 3559 2054 3630 in
2070 3583 2155 3630 con·

113 3663 231 3750 veris,
269 3663 399 3757 quibus
424 3660 545 3734 thema
576 3666 664 3736 locis
691 3665 870 3737 munitum
894 3668 952 3739 sit.
1012 3667 1108 3736 Tota
1160 3667 1402 3738 iecturalibns.
1459 3666 1646 3760 Quaedam
1679 3667 1764 3736 item
1796 3666 1898 3756 signa
1921 3664 2154 3756 praecedunt,

114 3765 213 3836 enim
229 3766 284 3834 vis
300 3763 520 3838 inventionis
537 3765 574 3834 in
589 3767 677 3838 locis
690 3769 806 3860 posita
824 3783 895 3853 est,
922 3770 1110 3866 exquibus
1163 3772 1340 3864 quaedam
1364 3769 1403 3836 in
1427 3793 1503 3838 rem
1535 3781 1757 3860 praesentem
1790 3769 1942 3850 cadunt,
1975 3767 2153 3859 quaedam

113 3893 180 3938 ceu
195 3867 355 3938 fontibus
370 3867 487 3938 oratio
503 3869 631 3940 deduci
649 3871 751 3942 solet.
782 3869 824 3942 ln
837 3873 939 3942 omni
953 3867 1110 3942 themate
1161 3873 1447 3966 subsequuntur,
1487 3895 1581 3966 quae
1609 3871 1731 3940 omnia
1765 3869 1803 3938 in
1833 3868 2018 3962 proposita
2043 3892 2154 3962 quae

112 3973 294 4065 quaedam
311 3985 542 4060 argumenta,
569 3971 644 4064 ipsa
665 3973 784 4068 statim
801 3986 931 4044 natura
947 3973 1111 4066 ingenio·
1162 3975 1278 4044 stione
1291 3973 1481 4065 diligenter
1498 3974 1754 4045 consideranda
1770 3985 1867 4044 cunt.
1916 3969 2152 4064 Nequecnim

111 4076 163 4146 sis
181 4070 390 4144 hominibus
406 4073 581 4166 suggerit,
607 4077 669 4145 sed
685 4099 812 4166 pauca,
839 4101 931 4172 quae
946 4077 1110 4148 nannien-
1161 4077 1273 4147 ullum
1293 4100 1358 4168 per
1372 4099 1445 4146 sese
1464 4077 1604 4168 signum
1623 4075 1737 4158 valet,
1763 4077 1826 4146 sed
1846 4075 1957 4142 marita
1978 4074 2018 4141 iu
2039 4094 2153 4142 arnum

111 4180 175 4262 da,
202 4177 409 4246 exornanda
426 4189 461 4246 et
474 4177 724 4268 amplificanda
742 4191 826 4249 sum
838 4179 997 4271 plurium
1013 4179 1110 4250 loco·
1162 4190 1349 4269 congesta,
1383 4177 1610 4250 verisimilem
1642 4175 1893 4269 probationem
1922 4172 2079 4244 efficiunt
2092 4171 2152 4268 ⁸¹).

111 4305 197 4350 rum
222 4277 461 4351 adminiculis.
506 4278 665 4350 Adiuvat
685 4281 779 4349 enim
801 4305 858 4352 ars
874 4295 1039 4351 naturam
1049 4279 1110 4374 ⁷⁸),
1159 4279 1453 4372 Apraecedenti‚
1478 4293 1532 4363 ut,
1552 4278 1627 4349 lam
1645 4281 1732 4349 olim
1748 4278 1937 4349 insidiatus
1955 4289 2008 4347 est
2020 4275 2153 4344 Miloni

112 4407 198 4453 curn
225 4381 263 4450 in
287 4380 466 4475 plerisque
491 4381 591 4466 aliis,
618 4395 694 4452 tum
712 4383 865 4454 maxime
883 4385 922 4453 in
943 4385 1110 4456 dicendo.
1162 4383 1327 4464 Clodius,
1353 4396 1395 4452 ut
1413 4395 1582 4453 constatt.
1597 4381 1782 4474 probabile
1800 4381 1910 4470 igitur
1927 4392 1998 4462 est,
2023 4389 2059 4449 et
2075 4401 2153 4448 mo-

110 4483 164 4556 Et
197 4508 217 4552 e
245 4483 438 4556 dialecticis
465 4483 553 4555 locis
587 4485 748 4556 exoritur
778 4509 841 4557 ceu
871 4487 970 4557 lonte
1006 4489 1108 4578 copia
1162 4487 1209 4556 do
1234 4483 1442 4556 insidiatum
1466 4507 1552 4555 esse.
1603 4485 1659 4552 Ab
1683 4483 1746 4568 iis,
1778 4506 1872 4577 quae
1893 4481 1932 4550 in
1951 4504 2029 4552 rem
2051 4503 2153 4571 prae·

111 4586 315 4670 orationis,
343 4609 435 4680 qnae
450 4599 598 4658 eatenus
611 4591 657 4656 ad
674 4588 787 4656 animi
800 4588 973 4661 iudicium
987 4590 1110 4658 vocari
1161 4599 1297 4659 sentem
1320 4589 1470 4671 cadunt,
1495 4597 1554 4667 ut,
1580 4589 1750 4657 Armatus
1769 4583 1916 4655 Clodius
1936 4596 2034 4666 erat,
2059 4581 2154 4650 iner-

108 4701 255 4784 potest,
287 4699 464 4783 quatenus
489 4713 508 4758 e
533 4689 622 4760 locis
651 4689 844 4762 dialecticis
876 4691 1035 4763 nascitur
1050 4691 1110 4786 π).
1163 4689 1230 4760 mis
1247 4703 1282 4758 et
1297 4689 1489 4782 impeditus
1503 4686 1605 4774 Milo,
1618 4687 1805 4779 probabile
1824 4699 1875 4758 est
1892 4685 2013 4778 igitur,
2036 4681 2154 4754 aClo-

111 4792 193 4864 lam
217 4790 341 4882 copiae
362 4791 541 4860 rationem
565 4815 673 4885 quarn
697 4792 864 4863 facillime
882 4797 1111 4890 adsequetur,
1162 4793 1224 4862 dio
1248 4791 1378 4861 Miloni
1408 4791 1556 4862 insidias
1589 4794 1711 4861 factas.
1780 4791 1813 4859 A
1843 4786 2154 4880 consequentibus,

112 4895 183 4992 qui
202 4893 248 4962 ad
266 4905 417 4964 naturae
435 4894 552 4966 fontes
570 4895 760 4967 revocarit.

113 5071 326 5088 m

152 5165 204 5225 77)
228 5167 331 5216 Annot.
354 5173 459 5230 nuga
492 5164 561 5216 boot
586 5163 701 5216 iudices.
715 5168 781 5216 sunt
803 5165 938 5218 notarice
961 5177 1111 5232 umen·

186 5237 289 5288 torui.

152 5337 204 5397 78)
221 5339 324 5388 Annot.
342 5347 448 5399 nere:
472 5338 528 5386 Ars
543 5333 738 5386 cdntntcoton
754 5337 880 5388 naturae

151 5439 205 5501 π)
219 5441 322 5492 num
338 5449 447 5504 neres
471 5435 556 5490 Mtte
573 5436 670 5502 coplas
686 5435 758 5488 lecte
774 5437 909 5494 suusne.

1162 4908 1223 4979 ot,
1248 4894 1433 4985 Profugit,
1465 4893 1653 4984 probabile
1674 4905 1727 4963 est
1748 4892 1879 4984 igitur,
1913 4889 2031 4959 caedis
2050 4913 2153 4958 reum

1164 5021 1250 5067 esse.
1302 4995 1381 5066 Huc
1403 4996 1542 5066 occasio
1562 4995 1736 5087 pertinet,
1761 4997 1846 5062 item
1866 5015 1959 5085 quae
1974 5015 2054 5082 spes
2067 5014 2154 5061 con·

1198 5197 1374 5319 Bugldnnott..
1386 5209 1491 5264 marga
1521 5199 1604 5250 lotae
1628 5197 1803 5248 uecemrtee
1825 5195 2004 5261 probationes
2027 5191 2155 5250 numu-

1267 5281 1352 5318 esun

1196 5350 1248 5416 81)
1263 5353 1367 5406 annot.
1378 5363 1484 5417 neres
1509 5353 1612 5418 eune,
1631 5351 1787 5404 rhetor-tce·
1803 5353 1998 5416 probatiores.

1199 5435 1249 5502 et)
1267 5440 1368 5490 annot.
1385 5448 1492 5503 netga
1516 5440 1605 5506 elene
1621 5439 1788 5491 ermerus·
1805 5439 1930 5493 contat!
1948 5439 2076 5504 proteus
