4910 5964
121 240 202 320 ‚466
327 239 371 317 11.
422 241 1399 346 Exflonrlrtomaxttttttatttmnuututnt
1426 247 1602 324 TURCIS
1627 247 1962 326 INFERENDUM.
2090 251 2165 326 466

120 417 282 491 Pontum
302 415 484 490 Euxinum
509 432 694 504 tenerent,
734 435 875 492 utnon
895 423 1012 506 mari,
1035 447 1119 496 nou
1170 421 1324 498 Memini
1343 447 1401 494 me
1421 447 1535 515 puero
1550 399 1648 496 hunc
1663 437 1836 518 tanquam
1852 423 2098 498 Alexandrum
2114 423 2165 495 al·

33 569 44 582 .
120 518 331 602 montibus,
361 545 438 590 non
459 523 729 642 magnitudine
725 523 901 596 Graeci
889 525 1034 616 imperii
1057 527 1118 596 de·
1170 539 1286 596 terum
1319 527 1543 618 praedicari,
1573 527 1720 621 eiusque
1747 527 1919 623 virtuti‘)
1944 541 1982 598 et
2003 525 2164 598 felicitati

38 696 39 699 ,
122 619 241 692 territi
256 622 350 705 siut,
372 648 447 717 quo
463 625 583 696 nunus
598 626 637 694 in
652 627 777 698 Asiam
797 639 833 696 ct
846 625 1062 720 Europam
1052 651 1119 700 rm·
1170 653 1286 720 prona
1310 630 1433 699 omnia
1455 629 1583 700 videri.

120 737 249 818 petum
279 725 459 810 facerent,
493 736 577 798 bum
614 727 759 822 quidem
796 751 945 821 magnas
971 732 1118 824 insuper
1271 727 1312 800 ln
1336 744 1435 803 tauta
1457 730 1701 849 trepidatione
1723 743 1953 816 nostrorum,
1980 693 2077 802 Deus
2093 731 2161 800 cle·

119 827 241 898 clades
269 828 489 920 acciperent:
531 853 577 900 an
602 854 699 901 nunc
719 833 871 923 adeptos
892 845 1032 904 tantam
1052 859 1117 925 po
1170 844 1309 904 menter
1328 832 1485 925 respexit
1502 831 1699 906 Ecclesiam
1722 858 1843 919 suam,
1870 846 1906 904 et
1925 833 1979 903 illi
2004 835 2159 926 tyranno

120 929 294 1014 tentimn,
320 943 451 1004 tantas
469 932 584 1016 vires,
616 947 653 1002 ct
674 929 743 1004 hoc
763 933 966 1026 fastigium,
999 937 1118 1006 existi·
1170 933 1242 1002 iam
1265 931 1389 1008 ltaliae
1414 936 1552 1007 aditum
1578 936 1713 1008 tenenti
1737 960 1865 1008 manus
1889 934 2030 1019 iniecit,
2061 959 2161 1034 eum·

120 1033 231 1104 matis
241 1041 321 1102 non
334 1034 504 1104 delectam
517 1031 666 1127 Imperu
680 1035 819 1128 gloria?
850 1039 904 1109 Ac
918 1051 1004 1110 vero
1019 1062 1116 1110 acer
1169 1061 1260 1131 quc,
1285 1061 1332 1108 ne
1352 1034 1513 1114 funditus
1535 1035 1780 1110 Christianum
1806 1063 1960 1123 nomen,
1994 1059 2074 1110 aras
2095 1062 2162 1108 no-

118 1135 238 1206 rimus
259 1147 315 1206 cst
334 1136 539 1209 stimulus
526 1163 566 1206 ιιι
587 1138 799 1212 bellicosis'
788 1141 962 1262 ingeniis,
997 1165 1116 1212 armo·
1168 1150 1279 1224 atras,
1306 1154 1341 1212 et
1354 1142 1632 1214 sacratissimam
1645 1141 1857 1236 religionem
1871 1142 2025 1224 deleret,
2051 1165 2161 1212 eme·

118 1235 558 1332 rumetlmperiidecus,
584 1244 795 1334 pracsertim
812 1243 842 1314 si
856 1244 990 1336 aspiret
1007 1245 1115 1314 etiam
1169 1241 1231 1312 dio
1253 1244 1414 1328 sustulit,
1441 1257 1549 1338 atque
1573 1243 1733 1316 extinxit.
1793 1244 1872 1315 Hoc
1893 1245 2066 1315 beneficio
2091 1243 2161 1312 cla·

117 1343 279 1412 fortune.
500 1375 514 1410 ·.
584 1393 588 1403 .
835 1398 843 1408 ,
1168 1343 1307 1418 tissime
1346 1360 1494 1420 testatus
1528 1361 1581 1420 est
1604 1346 1723 1430 Deua,
1754 1371 1822 1418 nos
1847 1347 1915 1420 sibi
1942 1371 2049 1418 curae
2075 1370 2160 1418 esse.

65 1440 98 1530 s
224 1442 361 1516 Multae
384 1458 520 1516 auteun
529 1424 675 1521 ndstrae
699 1448 818 1520 clades
831 1449 1017 1520 numerari
1033 1471 1116 1541 ιιιιι·
1169 1443 1279 1540 Quod
1312 1449 1458 1544 quidem
1487 1449 1517 1520 si
1547 1449 1793 1542 agnoscimus,
1835 1451 2053 1570 cogitemus,
2093 1473 2160 1522 nos

118 1559 205 1618 sumt
216 1546 314 1622 inde·
310 1572 441 1642 ¹·usque
449 1571 470 1618 a
486 1550 646 1642 praelio,
667 1552 766 1645 quod
781 1551 1030 1643 sigismundus
1044 1550 1115 1623 lm·
1167 1550 1314 1642 quidem
1339 1576 1382 1622 eo
1403 1566 1565 1624 servatos
1588 1577 1683 1635 esse,
1711 1576 1787 1622 non
1803 1565 1844 1624 ut
1861 1553 1969 1624 otiosi
1984 1567 2159 1644 perpetuo

117 1663 269 1742 perator
284 1675 366 1722 cum
379 1651 511 1724 'runis
530 1652 722 1727 infeliciter
737 1655 936 1740 commisit,
961 1679 1042 1726 cum
1060 1656 1116 1725 in-
1167 1653 1323 1742 grassari
1345 1655 1383 1724 in
1398 1649 1555 1726 Enosis
1570 1655 1756 1726 Turcas
1727 1679 1907 1742 ιιιιιιιιιιι,
1930 1658 1993 1728 scd
2015 1667 2055 1726 ut
2069 1655 2160 1725 exci-
2226 1727 2230 1738 ,

118 1765 219 1824 terea
253 1753 439 1832 nullam
428 1755 498 1846 ipsi
530 1755 707 1847 insignem
734 1757 871 1828 cladem
900 1757 1114 1850 acceperint.
1167 1754 1234 1824 tati
1256 1780 1323 1827 nos
1345 1783 1490 1854 quoque
1514 1783 1598 1828 cura
1615 1756 1793 1830 Ecclesiae
1814 1759 2022 1830 liberandae
2046 1773 2081 1828 et
2099 1761 2160 1828 dc·

115 1851 272 1950 ltaque'
260 1879 299 1926 m
314 1857 496 1928 tamfelici
510 1858 743 1931 victoriarum
762 1885 887 1946 cursu,
912 1884 1022 1956 quam
1039 1886 1115 1933 non
1165 1843 1366 1936 tendendae
1388 1860 1604 1944 afficiamur,
1631 1873 1666 1932 et
1688 1885 1841 1933 seramus
1854 1861 1972 1934 Deum
1992 1885 2068 1932 rem
2085 1874 2161 1931 tam

118 1957 312 2044 cessarint,
344 1959 491 2033 videtin·
540 1961 590 2032 Ut
612 1963 708 2032 enim
731 1963 895 2034 omittam
917 1989 975 2034 res
999 1978 1114 2056 gestas
1166 1961 1264 2052 piam
1297 1963 1571 2056 suscipientibus
1605 1965 1801 2034 affuturum
1828 1989 1914 2036 esse.
1971 1964 2065 2038 Nam
2093 1989 2160 2036 nos

118 2061 371 2153 superiorum,
395 2060 646 2148 mahometum
679 2066 744 2160 qui
765 2091 822 2136 me
844 2091 958 2160 puero
979 2065 1115 2152 floruit,
1167 2063 1326 2158 quidem,
1353 2067 1483 2160 quibus
1497 2067 1716 2158 reipublicae
1732 2067 1891 2138 defensio
1909 2069 2159 2138 commendata

118 2165 480 2251 commensurate,
496 2167 710 2240 ceufulmen
726 2171 928 2288 quoddam,
944 2194 1112 2262 magnam
1167 2178 1238 2250 est,
1264 2192 1340 2238 non
1366 2170 1476 2238 alium
1498 2168 1578 2240 Deo
1601 2171 1735 2240 cultum
1759 2171 1953 2260 gratiorem
1976 2183 2159 2262 praestare

118 2264 291 2385 Europae
315 2281 455 2361 partem
478 2283 696 2362 peruagatus
714 2271 1115 2358 est,cum1nPanuo·
1166 2293 1367 2360 possumus.
1419 2270 1603 2367 Divinitus
1618 2283 1653 2342 et
1669 2272 1759 2341 illud
1775 2271 1922 2356 accidit,
1948 2274 2047 2366 quod
2067 2297 2159 2344 non·

118 2369 193 2440 niis
216 2368 406 2442 infeliciter
430 2373 651 2458 dimicasset,
684 2374 800 2446 victus
822 2399 844 2443 a
863 2373 999 2445 Ioanne
1012 2374 1115 2444 llun·
1166 2367 1259 2441 nihil
1281 2374 1513 2448 retardarunt
1534 2363 1765 2446 victoriarum
1789 2369 1990 2445 Mahometi
2014 2399 2157 2447 cursum

118 2473 250 2556 made,
279 2498 510 2571 ιιιιιιιιιιιιιιι
532 2475 656 2546 animo
678 2477 811 2548 fractus
832 2490 905 2562 est,
934 2480 997 2550 sed
1020 2475 1115 2548 Con·
1166 2473 1409 2546 fortissimi
1374 2477 1464 2561 vrri,
1490 2476 1648 2569 primum
1667 2473 1820 2548 loannes
1842 2465 2071 2562 llbnniades,
2098 2481 2159 2547 de·

118 2575 395 2671 stantiuopolim
427 2582 596 2663 adortus,
634 2580 699 2650 diu
725 2582 927 2666 obsessam,
967 2583 1114 2652 tandem
1167 2576 1251 2646 inde
1272 2577 1450 2671 Georgius
1473 2579 1751 2664 Scanderbeius,
1768 2591 1826 2670 ‚et
1847 2579 1926 2650 Rex
1950 2579 2158 2673 Hungariae

118 2701 243 2761 auno,
277 2691 469 2774 antequam
492 2688 725 2768 natussum,
754 2697 874 2770 sexto,
905 2681 943 2752 vi
973 2696 1114 2777 captam
1167 2676 1353 2753 Matthias.
1403 2681 1575 2754 Libenter
1595 2683 1695 2752 enim
1714 2707 1982 2767 commemoro,
2007 2697 2048 2754 ut
2064 2684 2160 2775 cogi·

117 2780 293 2900 diripuit,
321 2786 563 2858 crudelissime
579 2785 767 2856 interfecto
781 2784 1005 2908 Imperatore
1021 2785 1116 2858 Con·
1168 2782 1251 2856 tetis
1270 2785 1423 2856 salutern
1439 2783 1623 2856 Ecclesiae
1635 2784 1715 2856 Deo
1740 2809 1848 2858 curae
1872 2808 1966 2870 esse,
1991 2799 2029 2856 et
2044 2799 2085 2858 ut
2099 2788 2161 2856 de·
2185 2850 2191 2860 ,

118 2883 302 2967 stantino,
337 2901 491 2979 cognato
510 2901 657 2974 nostro,
685 2901 720 2959 et
742 2889 857 2982 raptis
882 2891 928 2960 ad
949 2902 1114 2982 stuprum
1167 2885 1285 2957 bitum
1316 2887 1459 2960 virtutis
1490 2887 1736 2961 testimonium
1768 2883 1825 2959 his
1850 2887 2000 2960 ducibus
2023 2888 2160 2982 optime

119 2986 198 3060 eius
211 2986 403 3060 liberis..
1169 2989 1306 3062 meritis
1334 2991 1547 3066 tribuamus.
1606 2990 1683 3063 Hos
1704 2991 1801 3062 enim
1823 2991 2070 3083 antagonistas
2095 3015 2161 3064 ceu

223 3088 357 3162 Postea
380 3104 482 3184 capta
502 3087 681 3180 lbracia,
706 3090 862 3190 Mysiam
884 3094 1044 3180 invadit,
1075 3117 1116 3165 ac
1168 3115 1314 3163 murum
1343 3094 1513 3188 opposuit
1543 3092 1642 3166 Deus
1670 3093 1824 3166 irruenti
1848 3091 2083 3178 Mabomcto,
2115 3120 2162 3165 ne

117 3192 194 3267 fere
212 3206 289 3264 toto
304 3189 449 3289 Illyrico
467 3197 628 3282 domito,
654 3211 690 3271 et
707 3211 882 3292 occupato
899 3221 1011 3317 regno
1026 3150 1116 3269 Dos-
1168 3195 1315 3266 subito
1304 3209 1442 3288 impetu
1457 3197 1663 3277 universam
1679 3195 1865 3316 Europam
1883 3198 2116 3290 opprimeret.

118 3317 213 3380 nae,
245 3293 438 3371 Graeciam
461 3299 638 3372 adoritur.
697 3297 913 3372 Corinthum
946 3301 981 3368 vi
1006 3325 1116 3420 expu·
1270 3296 1481 3370 Primum‘
1469 3324 1508 3369 ιιι
1533 3299 1801 3370 Pannoniam
1789 3323 1989 3390 ingressus,
2028 3323 2161 3392 magno

119 3402 225 3491 gnat,
255 3411 296 3470 et
315 3399 614 3494 Peloponnesum,
630 3401 763 3472 ditioni
783 3427 868 3474 suae
891 3403 1072 3487 adiicit,
1062 3428 1117 3474 ιιι-
1169 3399 1284 3472 victus
1313 3413 1366 3472 est
1398 3402 1443 3472 ab
1464 3401 1671 3474 Hunniade.
1733 3398 1874 3471 Deinde
1899 3415 2080 3473 remorata
2109 3413 2163 3472 cst

118 3502 276 3576 terfectis
308 3503 573 3597 Palaeologis,
592 3503 786 3579 Demetrio
813 3518 849 3577 et
875 3503 1019 3578 Thoma
1044 3507 1117 3576 fra-
1169 3528 1252 3576 eum
1276 3527 1342 3596 per
1364 3505 1497 3576 multos
1518 3529 1634 3575 annos
1648 3502 1879 3576 Macedonia.
1926 3503 2020 3578 Nam
2040 3505 2162 3622 quoad

117 3603 248 3678 tribus.
1169 3605 1549 3690 vixitScandecbeius,
1573 3606 1745 3698 repressit
1756 3606 1967 3691 barbarum,
1992 3619 2029 3676 et
2042 3605 2163 3698 singu·

224 3707 300 3784 Tot
320 3708 439 3802 regnis
464 3733 506 3780 ac
525 3709 723 3830 provinciis
742 3711 781 3782 in
797 3709 944 3802 Europa
968 3709 1117 3802 potitus,
1168 3709 1239 3780 lari
1262 3709 1394 3780 virtute
1416 3723 1452 3780 et
1476 3709 1669 3782 foelicitate
1691 3710 1850 3804 patrium
1868 3731 2019 3802 regnum
2041 3708 2162 3779 defen-

119 3813 212 3885 adco
235 3827 315 3886 ιιοιι
335 3811 523 3904 recepitse
540 3813 579 3886 ia
595 3813 731 3901 otium,
754 3828 797 3888 ut
807 3815 962 3887 subinde
976 3814 1117 3884 maiora
1149 3813 1234 3884 dit.
1287 3811 1366 3882 Hoc
1387 3825 1532 3884 mortuo
1556 3813 1703 3886 tandem
1726 3811 1961 3898 Macedonia,
1985 3836 2062 3884 non
2083 3813 2163 3884 diu·

117 3927 312 4036 speratque
333 3914 690 4038 animocopcipepet.
742 3917 954 3991 Constitutis
969 3917 1118 4010 provin·
1169 3929 1279 3988 turno
1311 3915 1406 3986 bello
1439 3930 1587 4001 vexata,
1619 3917 1699 3988 sine
1730 3915 1926 3986 certamine
1951 3867 2162 3987 ldabometo

119 4019 189 4088 ciis
210 4018 248 4087 in
270 4017 437 4112 Europa,
464 4018 598 4090 traiicit
618 4019 657 4090 in
680 4019 823 4103 Asiam,
849 4019 1116 4112 Trapezuntem
1170 4019 1285 4105 cessit.
1336 4015 1511 4092 Matthias
1529 4015 1706 4118 aliquot')
1728 4018 1873 4112 praeliis
1887 4020 2063 4092 deterruit
2079 4043 2162 4090 cum

119 4133 304 4240 expugnat
320 4145 404 4213 rege
423 4123 638 4196 interfecto.
676 4121 817 4194 Deinde
834 4121 1043 4218 Mitylenem
1058 4145 1118 4196 ar·
1170 4123 1216 4192 ab
1232 4121 1438 4214 llu‘ugaria;
1464 4124 1512 4192 ad
1526 4117 1616 4192 haec
1630 4146 1750 4194 arcem
1769 4147 1803 4193 er
1791 4121 2027 4204 Sabaceam,
2053 4121 2161 4195 unci-

118 4223 193 4298 rnia
213 4226 324 4319 cepit;
354 4247 508 4320 cumque
529 4225 601 4296 iam
617 4225 795 4297 minorem
807 4224 931 4300 Asiam
953 4224 1117 4307 ιιΡιιιιιὶ
1167 4227 1257 4299 dato
1273 4225 1429 4297 exercitu
1444 4225 1619 4310 Tuccico,
1641 4225 1787 4318 eripuit.

119 4351 228 4399 oram
252 4328 459 4400 universam
481 4342 640 4414 teneret,
665 4329 835 4416 transfert
849 4327 1009 4400 bellum'
998 4353 1037 4397 m
1053 4327 1118 4422 sy·
1271 4325 1470 4400 Extincto
1458 4328 1569 4420 agitur
1584 4279 1796 4403 blahomato
1812 4325 1995 4418 paulisper
2008 4287 2162 4444 respira-

117 4431 216 4504 riam
231 4442 267 4503 et
281 4431 498 4526 Aegyptum.
542 4431 611 4505 Sed
629 4457 709 4504 cum
725 4431 895 4506 Sultanus
913 4430 987 4503 acie
1003 4431 1118 4505 victus
1170 4430 1299 4502 vimus.
1351 4429 1444 4502 Nam
1467 4444 1503 4501 et
1519 4430 1715 4504 domestica
1730 4428 1903 4504 dissensio
1917 4428 2163 4501 mortemeius

117 4557 250 4630 pacem
278 4547 436 4628 peteret,
478 4535 563 4630 quia
594 4535 742 4606 maioris
769 4535 906 4627 gloriae
927 4534 1118 4606 materiam
1169 4543 1320 4628 sequuta
1345 4547 1415 4614 est;
1448 4535 1511 4606 sed
1535 4533 1721 4652 aliquanto
1742 4545 1843 4627 post,
1876 4533 2007 4604 sedatis
2030 4531 2165 4602 discor·

118 4639 216 4712 vidit
239 4661 315 4714 esse
338 4640 378 4718 in
398 4636 568 4732 Europa,
599 4639 725 4710 foedus
750 4661 831 4710 cum
851 4639 1002 4712 Sultano
1022 4637 1118 4723 ferit,
1170 4636 1263 4708 durs
1250 4635 1442 4722 intestinis
1463 4636 1594 4710 iterum
1609 4635 1868 4727 vicinistegnis
1882 4635 1974 4708 bella
1990 4635 2162 4712 inferunt.

117 4754 160 4814 et
183 4739 358 4814 redieus
347 4767 385 4814 ru
401 4739 610 4862 Europam,
635 4742 808 4814 instructa
827 4743 954 4828 classe,
980 4755 1018 4813 et
1033 4765 1119 4812 con·
1169 4739 1336 4811 Pazaites
1363 4733 1578 4812 Methouam
1613 4737 1785 4815 Venetis
1780 4739 1931 4831 ingenti
1955 4736 2162 4812 certamine

119 4845 249 4918 tractis
281 4845 395 4938 copiis
419 4843 552 4916 traiicit
573 4845 613 4914 in
635 4841 795 4930 ltaliam',
831 4858 870 4926 et
895 4844 1120 4968 oppugnauit
1171 4843 1315 4936 eripuit.

119 4947 376 5042 Hydruntem,
416 4969 457 5018 ac
482 4959 623 5020 tantum
646 4948 795 5021 terroris
814 4945 970 5020 ltaliae'
960 4948 1120 5032 incussit,
1273 4945 1372 5039 Quid
1389 4969 1486 5020 nuuc
1499 4947 1710 5042 Selymumi
1736 4969 1859 5022 nonne
1879 4886 2017 5018 videtis
2023 4943 2164 5014 domita

120 5050 252 5123 utiam
269 5051 460 5126 Romanus
471 5049 640 5124 Pontifex
656 5052 778 5144 fugam
798 5066 962 5145 pararet;
996 5051 1119 5125 omnia
1171 5049 1274 5145 Syria
1296 5063 1332 5120 et
1344 5048 1530 5144 Aegypto
1555 5051 1762 5143 Hungariae
1777 5048 2015 5122 audacissime
2027 5047 2163 5120 bellum

121 5166 231 5228 erant
249 5150 289 5226 iu
309 5151 410 5226 ltalia
433 5167 470 5226 et
486 5153 603 5226 Gallia
625 5155 802 5229 bellorum
821 5157 941 5248 plena.
979 5154 1120 5226 Deinde
1172 5151 1329 5229 inferre?
1362 5177 1477 5248 aqua
1492 5154 1562 5262 nisi
1578 5179 1657 5226 ιιιιιι
1674 5153 1908 5297 depellimus,
1934 5175 2044 5246 quam
2054 5149 2163 5221 faerle

121 5279 204 5332 non
219 5258 336 5338 solum
353 5257 555 5337 'furcarum
570 5259 682 5344 vires,
707 5260 770 5332 sed
791 5259 907 5334 inculto
928 5259 1041 5349 magis
1055 5259 1122 5328 du·
1173 5283 1378 5337 *er-*-

124 5361 179 5432 cis
198 5360 424 5446 felicitatem,
462 5361 647 5436 scientiam
667 5363 723 5434 ,01
747 5361 935 5446 mffiwi,
971 5360 1122 5452 vigum,
1204 5357 1237 5418 s)
1240 5347 1369 5474 νιιιιιιι]
1393 5351 1435 5404 ιιι
1453 5355 1531 5404 ιιοιι
1548 5349 1634 5405 norst.
1653 5349 1746 5414 ιιοιι,
1773 5347 1866 5410 isar..
1893 5347 1987 5412 assa,
2017 5347 2067 5400 ιι.
2087 5345 2163 5403 mae.

122 5465 216 5542 tiam
240 5477 277 5536 et
301 5465 540 5547 celeritatem,
574 5485 699 5541 omnes
719 5479 843 5559 gentes
868 5464 1123 5542 formidabant.
1205 5494 1238 5554 ι)
1255 5489 1378 5556 utque]
1393 5489 1444 5542 ιι
1463 5487 1539 5542 rua.
1558 5489 1647 5542 nus·
1669 5486 1782 5554 ιιιᾳιιι
1874 5476 1878 5484 “

171 5580 688 5648 manummerias
1552 5559 1603 5632 3⁰
