4910 5964
297 476 398 534 ueste
413 459 559 536 visendi
575 454 779 530 etinvitato
797 457 921 528 animo
936 458 1077 552 puellae
1091 471 1213 551 postea
1232 453 1299 528 ho·

299 565 435 636 nestius
455 577 491 634 et
512 563 643 635 certius
663 561 801 633 ambire
818 561 970 654 possint.
1021 559 1123 654 Papa
1145 563 1300 632 damua-

299 669 352 737 ιιι
386 663 555 750 choreas,
600 667 685 760 quia
718 658 947 737 adversarius
978 664 1048 735 luit
1075 665 1298 758 nuptiarum.

302 771 372 842 sed
389 771 551 840 modeste
565 771 654 838 fiant
678 769 800 839 omnia
826 769 873 838 ob
897 764 993 838 hanc
1017 791 1174 840 causam.
1225 766 1299 837 Vo-

301 872 483 968 cantur·¹⁸)
504 868 648 944 honesti
670 871 741 942 viri
763 885 799 942 et
821 883 1032 955 matronae,
1073 893 1166 967 quae
1185 871 1300 940 inter

301 999 375 1050 esse
391 972 531 1046 choreis
545 976 695 1058 debent,
722 988 764 1046 ut
778 971 965 1046 honestius
984 975 1106 1045 omnia
1124 976 1224 1045 liant.

400 1139 401 1144 ’
511 1143 614 1216 CCX.
649 1142 711 1215 De
739 1157 865 1214 terra
891 1142 1091 1218 Lemnia.

406 1280 470 1376 Est
487 1278 662 1351 mirabilis
683 1293 813 1376 natura
835 1293 952 1350 terrae
967 1278 1156 1351 Lemniae.
1205 1278 1300 1352 Nam

301 1383 535 1461 Dioscorides
550 1371 696 1475 scripsit
707 1377 907 1456 humanum
930 1378 1141 1472 sanguinem
1159 1379 1302 1453 misceri

303 1501 422 1558 terrae
438 1484 632 1570 Lemniae,
660 1486 760 1557 cuius
776 1484 931 1557 'remedii
954 1510 1106 1577 magnus
1129 1509 1214 1556 usus
1238 1497 1300 1556 est.

303 1590 426 1688 Quare
442 1587 633 1662 Galenus
623 1611 699 1680 rpse
720 1613 760 1658 ea
783 1590 862 1660 loca
886 1585 999 1673 adiit,
1033 1601 1074 1660 ut
1097 1589 1302 1681 exploraret

303 1705 412 1777 certe,
429 1689 888 1790 quomodoapparetur⁸⁰),
905 1691 1155 1793 comperitque
1168 1703 1299 1761 natura

303 1797 420 1870 solum
438 1817 513 1867 esse
538 1795 807 1866 metallicum'
779 1818 854 1866 sive
878 1795 1030 1866 mixtum
1051 1788 1196 1864 hircino
1220 1817 1302 1865 san-

304 1899 423 1991 guine.
490 1895 555 1969 Est
579 1910 699 1969 autem
720 1894 889 1969 hodiem
912 1911 1015 1968 tanto
1037 1920 1104 1970 usu
1127 1909 1302 1991 tantaque

304 2001 546 2072 admiratione
562 2003 659 2093 apud
677 1996 840 2074 'l'hraees
863 2015 898 2072 et
912 2002 1090 2086 Graecos,
1115 2012 1158 2071 nt
1178 2013 1301 2094 tyran·

304 2129 373 2176 nus
392 2101 546 2178 lurritos
559 2101 687 2196 legatis
707 2116 842 2175 terram
863 2104 1053 2178 Lemniam
1078 2104 1175 2174 inter
1195 2125 1302 2198 peeo-

252 2293 254 2298 ,
302 2207 407 2278 liaria
424 2210 520 2277 dona
539 2208 626 2278 dare
641 2208 766 2280 soleat.
860 2236 863 2244 ·

322 2346 327 2355 ’
407 2341 525 2416 CClll.
557 2341 644 2424 ‚Rex
663 2337 872 2436 Alphonsus
893 2335 962 2414 luit
983 2338 1096 2415 homo
1117 2345 1244 2414 doctus
1267 2355 1302 2414 et

304 2449 474 2540 prudens.
548 2443 643 2516 Huic
670 2468 750 2516 tum
781 2446 978 2542 aliquando
1006 2446 1212 2518 nuntiatum
1249 2471 1303 2517 es-

303 2560 375 2634 set,
402 2549 577 2646 quosdam
595 2575 614 2618 ιι
631 2574 669 2620 se
687 2548 876 2633 deiecisse,
899 2548 938 2620 in
956 2551 1048 2647 quos
1063 2547 1181 2621 multa
1194 2550 1302 2619 bene·

302 2651 382 2724 fi'cia
418 2653 637 2737 contulerat,
687 2651 847 2745 primum
881 2654 945 2744 adn
962 2652 1054 2723 iram
1087 2664 1303 2738 commotus,

302 2769 426 2850 postea
443 2757 606 2834 animum
621 2754 798 2850 recipiens
813 2752 920 2827 dixit:
932 2819 933 2824 ,
947 2752 1025 2827 Ach
1040 2755 1129 2852 quid
1150 2780 1216 2848 ego
1232 2754 1303 2829 illis

303 2857 466 2932 irascor?
505 2853 662 2930 maltima
686 2859 851 2954 ¹adeoque
877 2858 1019 2930 infinita
1041 2857 1112 2930 Dei
1131 2859 1304 2929 beneficia

303 2963 342 3032 in
375 2987 433 3032 me
464 2974 652 3047 constant,
685 2961 743 3032 cui
766 2985 832 3054 ego
858 2972 982 3032 tamen
1008 2987 1088 3035 sum
1121 2961 1303 3054 ingratus:

304 3089 381 3138 non
402 3064 513 3166 igitur
536 3065 671 3150 mirum
695 3078 765 3150 est,
806 3065 838 3136 si
859 3076 895 3137 et
913 3059 953 3136 hi
971 3087 1103 3158 parum
1124 3089 1303 3158 memores

304 3181 388 3240 sunt
406 3167 685 3254 beneficiorum,
709 3167 841 3264 quibus
855 3166 1070 3256 illos-affeci.

307 3394 313 3408 .
388 3339 523 3416 ccxli.
561 3339 788 3433 Lepidum
816 3339 989 3413 dictum
1017 3339 1220 3412 alicuius

636 3514 641 3522 ,
695 3441 917 3517 tibicinis.

353 3577 641 3654 Ptolomaeus
664 3602 728 3697 ιιι
753 3575 937 3650 tibicinem
961 3576 1093 3650 lidibus
1112 3580 1316 3648 canentem

303 3681 608 3778 reprehendebat,
640 3682 697 3752 cui
720 3681 854 3752 tibicen
875 3681 1080 3775 respondit:
1115 3679 1245 3752 Aliud'
1250 3692 1303 3753 est

304 3799 506 3886 sceptrum,
546 3784 646 3856 aliud
681 3769 879 3903 plectrum,
915 3783 1077 3857 iudicans
1109 3807 1231 3876 regem
1267 3797 1304 3854 et

306 3913 432 3961 omnes
448 3881 539 3959 alios
552 3887 691 3970 dicere,
715 3900 757 3958 ut
777 3887 833 3958 sui
857 3885 1019 3958 muneris
1041 3898 1077 3958 et
1100 3887 1207 3958 officii
1228 3912 1303 3957 me·

306 4017 405 4076 mor,
440 4015 515 4062 non
541 3991 586 4059 de
616 3986 696 4060 aliis
719 3990 827 4062 rebus
849 3989 1021 4061 sollicitus
1045 3987 1110 4076 sit,
1147 4015 1302 4088 quarum

305 4121 381 4166 non
395 4046 531 4167 habeat
547 4091 803 4189 cognitionem.

306 4261 456 4336 OClllll.
494 4263 786 4334 llorrendum
813 4261 999 4333 larinus
1025 4261 1302 4354 magicarum

305 4367 551 4438 mulierum
578 4367 625 4436 in
651 4389 768 4459 pago
796 4367 992 4460 quodam
1016 4385 1108 4436 non
1141 4364 1303 4458 procul

661 4466 947 4548 aBerolino.

408 4603 541 4678 Amisit
563 4604 718 4678 rusticus
737 4606 951 4699 puerulum,
971 4629 1083 4702 quem
1109 4605 1203 4676 forte
1221 4629 1302 4676 cum
1354 4673 1359 4681 .

218 4735 223 4748 ’
306 4738 367 4811 qu
357 4720 515 4794 tereret
542 4707 640 4778 venit
654 4733 693 4780 ιιι
705 4707 862 4780 aedes
826 4709 956 4796 vrcini,
982 4708 1046 4782 ubi
1062 4705 1204 4782 lilium
1193 4721 1304 4780 mter·

305 4819 437 4888 lectum
462 4826 498 4885 et
518 4810 738 4884 excoriatum
762 4812 912 4886 invenit.
963 4809 1053 4884 lra
1042 4825 1163 4912 :taque
1190 4813 1304 4906 perci-

305 4932 363 4990 tus
385 4915 541 5012 magicas
566 4915 736 4988 mulieres
759 4918 886 4988 duasa
956 4914 1096 5002 editur,
1128 4939 1304 4988 convoca-

305 5019 422 5116 tisque
449 5019 591 5094 rusticis
619 5018 762 5116 quaerit
789 4941 1114 5092 huinsgilomicidii
1146 5043 1303 5106 causam,

305 5147 369 5196 cnr
382 5147 540 5216 puerum
553 5148 659 5199 suum
663 5123 940 5246 interfecerint,
969 5147 1050 5196 cum
1067 5147 1190 5220 neque
1208 5147 1228 5193 a
1252 5148 1303 5208 se,

304 5249 463 5324 nequeo
487 5228 639 5320 coniuge
660 5227 794 5322 ipsius,
826 5251 945 5324 neque
966 5251 987 5298 a
1008 5227 1084 5298 tilio
1106 5229 1225 5300 laesae
1250 5251 1302 5300 cs·

306 5371 514 5386 *ου’-.-

304 5467 308 5478 ’
338 5444 390 5509 ιδ)
408 5447 568 5510 vocentur]
587 5447 674 5530 ιιοιι·
698 5449 846 5504 vetantur

340 5532 389 5600 st)
406 5536 585 5602 apparatum]
603 5533 690 5588 cod:
714 5534 867 5602 operiatur,

924 277 1049 359 PillL.
1074 281 1189 359 MEL.
1216 279 1421 357 scalpus
1446 281 1717 360 ulsroch.

2148 262 2151 269 ’
2262 270 2343 352 aso

1350 469 1441 530 sent.
1507 445 1743 550 Respondent
1773 457 1932 548 magicae
1959 456 2145 538 mutiens,
2172 479 2211 524 se
2233 453 2347 523 aliam

1352 559 1399 629 ob
1424 559 1624 655 causam⁸⁷)
1646 582 1798 655 puerum
1824 559 2013 642 occidisse,
2053 562 2185 650 nempe
2207 569 2249 627 ut
2269 579 2351 626 car-

1351 686 1435 732 nem
1466 663 1765 760 eiuscoquerent
1794 664 1841 733 ad
1867 664 2023 733 formam
2047 661 2217 754 ignitam,
2246 659 2352 754 quod
2446 663 2447 740 ζ

1352 765 1384 838 si
1410 767 1640 857 processisset
1660 769 1739 840 sine
1761 767 2042 860 impedimento,
2068 761 2353 836 sicutiiecrevis-
2446 761 2447 794 ³

1353 865 1506 965 sentoe),
1523 895 1575 942 se
1601 872 1789 943 effecturas
1809 871 1958 962 glaciem
1985 871 2030 942 nd
2051 868 2281 969 perdendas
2274 862 2355 934 iru-

1353 994 1425 1064 ges.
1471 971 1663 1044 llaecnon
1675 985 1759 1046 sunt
1775 969 1958 1058 humana,
1976 970 2353 1046 seddiabolieafacta.
2446 989 2447 1026 ι

1352 1072 1406 1144 Ita
1424 1073 1620 1162 Diabolus,
1644 1090 1837 1173 postquam
1854 1077 1999 1170 Spiritu·
2010 1061 2201 1170 sanctooel
2217 1077 2355 1142 eiectus

1289 1222 1293 1235 ·
1354 1190 1419 1262 est,
1446 1191 1645 1249 creaturam
1665 1181 1703 1252 in
1718 1179 2226 1276 vivosDiabolospernmutat.
2259 1175 2355 1246 Pro·

1354 1291 1477 1373 pterea
1496 1282 1687 1374 diligenter
1711 1285 1890 1354 orandum
1917 1296 1986 1386 est,
2020 1295 2061 1356 ut
2083 1307 2150 1357 nos
2164 1280 2263 1374 Βιιιι
2286 1303 2355 1350 suo
2446 1287 2447 1316 ²

1354 1383 1493 1476 Spiritu
1509 1380 1691 1485 sancto⁸)
1706 1398 1829 1478 regat
1856 1377 1939 1484 quia
1969 1395 2032 1472 aut
2052 1375 2186 1456 homo
2185 1382 2235 1455 est
2262 1396 2357 1454 tem·

1354 1487 1453 1598 plum
1469 1486 1558 1573 Dei,
1586 1501 1648 1559 aut
1666 1486 1889 1596 domicilium
1906 1487 2113 1567 Satanae.'
2216 1493 2220 1506 ⁴
2446 1498 2447 1514 ¹

1522 1657 1697 1749 ccxliii.
1737 1659 1905 1731 Poena
1917 1584 2202 1730 homiciiiii.
2264 1599 2268 1613 =

1457 1767 1614 1890 Quidam
1646 1799 1765 1867 viator
1793 1791 1896 1868 forte
1913 1777 2131 1869 ihciaer'wt
2119 1820 2159 1865 m
2181 1796 2359 1878 latrones,

1354 1911 1391 1968 et
1415 1922 1495 1969 cum
1523 1901 1569 1970 ab
1592 1899 1678 1993 ipsis
1702 1895 1926 1975 occideretur
1936 1895 2070 1988 ,f‘vi‘dt
2084 1898 2358 1992 praetervolare
2446 1923 2447 1954 ³

1355 2001 1535 2088 cornices,
1563 1998 1609 2074 a'd
1624 2019 1713 2100 quas
1731 1999 1879 2074 clamat:
1909 2002 2064 2084 Precor,
2085 2010 2129 2073 u't
2151 1996 2359 2074 sitis'meae
2446 2075 2447 2086 ,

1354 2103 1451 2177 necis
1476 2103 1632 2180 ultrices.
1686 2107 1813 2178 'l'ertio
1835 2106 1893 2177 die
1917 2118 2009 2199 post
2019 2103 2170 2176 veniunt
2191 2105 2358 2178 latrones
2446 2097 2447 2112 ¹

1354 2207 1394 2277 in
1416 2209 1564 2294 urbem,
1591 2215 1627 2280 ιι
1645 2235 1725 2283 cum
1752 2233 1883 2338 magua
1904 2210 2088 2287 cornicum
2111 2201 2212 2302 copia
2229 2203 2359 2290 aedes,

1341 2309 1395 2381 in
1411 2319 1501 2407 quas
1522 2311 1795 2436 ingrediuntur,
1816 2319 2034 2407 'occuparet,
2060 2314 2153 2383 forte
2177 2335 2276 2384 unus
2299 2335 2359 2382 eo·
2446 2367 2447 2386 ι

1354 2439 1436 2487 ιιιιιι
1460 2415 1566 2487 dixit:
1606 2413 1682 2488 lam
1706 2415 1858 2490 veniunt
1880 2419 2039 2488 cornices
2064 2416 2204 2487 ulturac
2225 2439 2356 2485 necem
2446 2473 2447 2520 ,

1355 2513 1531 2616 lbici⁶').
1540 2518 1618 2591 sic
1633 2521 1728 2592 enim
1746 2535 1826 2592 erat
1842 2544 1978 2591 nomen
1997 2518 2148 2591 viatoris
2162 2517 2357 2590 interlecti.
2446 2523 2447 2566 ἒ

1355 2623 1515 2693 Audiens
1541 2624 1697 2697 famulus
1727 2646 1861 2695 nomen
1881 2617 2357 2720 thici”),qu'1tnitcivt's

1357 2723 1516 2796 eiusdem
1533 2725 1706 2814 civitatis,
1732 2729 1847 2806 defert
1866 2749 1943 2798 rem
1951 2722 2012 2796 'ad
2028 2722 2178 2810 herum,
2202 2725 2267 2822 qni
2286 2739 2356 2798 sta·
2446 2781 2447 2786 1

1357 2827 1423 2898 tim
1442 2828 1582 2900 curavit
1604 2837 1665 2902 eos'
1692 2821 1913 2924 deprehendi
1941 2829 2045 2904 etin
2063 2849 2243 2899 carcerem
2269 2828 2352 2898 conss

1355 2926 1435 3014 iici,
1457 2945 1495 3003 et
1508 2933 1683 3004 tandem
1672 2948 1784 3008 iustas
1803 2957 1942 3029 poenas
1960 2929 2149 3006 homicidii
2165 2931 2354 3002 dederunt.
2446 2953 2447 2964 ¹

1416 3117 1562 3192 CCXV.
1588 3115 1737 3214 Lusus
1758 3117 1984 3191 llilarium
2010 3115 2106 3190 Phil.
2130 3117 2285 3216 ldel.⁸¹).

1457 3253 1548 3327 Erat
1561 3250 1621 3326 hic
1637 3268 1761 3348 pastor
1777 3256 1946 3352 quidam,
1973 3253 2036 3350 qui
2051 3255 2091 3324 in
2106 3253 2200 3328 ludis
2215 3242 2357 3329 hilariis

1354 3383 1418 3430 seu
1431 3359 1688 3442 saturnalibus,
1715 3360 1912 3432 convivans
1927 3385 2008 3430 com
2023 3357 2098 3432 snis
2114 3359 2227 3442 sociis,
2252 3354 2355 3430 hanc

1356 3461 1407 3534 eis
1423 3463 1669 3558 quaestionem
1694 3464 1901 3555 proposuit:
1925 3463 2055 3557 ,Quare
2080 3462 2184 3538 vultis
2205 3485 2355 3534 servare

1355 3562 1454 3640 lusus
1468 3565 1648 3639 Hilarium
1672 3579 1708 3639 et
1730 3591 1807 3636 non
1833 3566 1950 3658 vultis¹
1966 3566 2123 3638 retinere
2148 3564 2357 3639 ieiuninml
2446 3617 2447 3662 3

1355 3665 1448 3742 Cum
1481 3695 1569 3742 vero
1597 3695 1673 3740 non
1706 3683 1853 3762 possent
1878 3672 2119 3764 respondere,
2157 3670 2356 3761 obiurgans
2446 3663 2447 3666 ¹

1356 3798 1418 3846 eos
1424 3773 1539 3867 ..ipse
1555 3774 1665 3847 talem
1688 3773 1847 3845 reddidit
1867 3773 2065 3846 rationem:
2099 3769 2278 3846 ieiunium
2301 3785 2356 3846 est

1356 3877 1561 3948 observatio
1586 3877 1833 3972 superstitiosa
1851 3879 2011 3950 cultuum
2034 3901 2112 3948 non
2134 3877 2356 3950 necessario·

1355 4004 1459 4064 rum,
1489 4003 1573 4072 ergo
1590 3981 1829 4076 abolendum:
1854 3981 1924 4056 ista
1947 3980 2122 4055 relaxatio
2145 3981 2356 4052 animorum

1356 4096 1409 4157 est
1423 4085 1646 4156 consuetudo
1661 4083 1806 4178 politica
1822 4084 1898 4158 sine
1914 4083 2112 4177 impietate,
2135 4108 2221 4178 ergo
2236 4095 2356 4177 potest

1356 4185 1517 4259 retineri.
1554 4187 1674 4276 ¹llaec
1699 4201 1752 4260 est
1773 4189 1912 4259 erudita
1939 4188 2121 4260 distinctio
2142 4201 2286 4282 sumpta
2314 4213 2357 4257 ιι

1356 4290 1507 4364 diversis
1517 4291 1721 4383 generibus.

1440 4458 1590 4535 ccxvi
1630 4461 1692 4534 De
1719 4461 2066 4554 ingratitudine
2092 4463 2266 4557 punita.

1458 4601 1648 4694 Ablcgavit
1664 4600 1860 4696 aliquando
1877 4577 2082 4696 Philippus,
2101 4625 2166 4672 rex
2184 4599 2357 4673 Macedo-

1355 4727 1460 4790 num,
1475 4703 1679 4800 ministrum
1695 4729 1860 4798 peregre,
1874 4706 1939 4800 qui
1952 4729 2033 4781 eum
2050 4717 2262 4798 tempestate
2276 4731 2357 4776 ms·

1356 4808 1407 4882 ris
1432 4809 1479 4880 ad
1502 4807 1620 4880 vicum
1642 4809 1823 4906 quendam
1851 4809 2009 4904 appulit,
2032 4811 2147 4903 ppud
2178 4810 2355 4882 rusticum
2446 4839 2447 4842 ¹

1356 4966 1563 4986 *—

1389 5047 1438 5114 81)
1454 5047 1541 5102 ntra
1559 5049 1593 5100 ot
1610 5049 1738 5141 empnam]
1756 5047 1842 5102 cod:
1865 5048 1938 5100 sttts
1956 5050 1990 5101 tt
2007 5056 2120 5102 ceum
2138 5047 2242 5100 ιιιιιιιιι
2266 5047 2358 5107 (beer
2446 5061 2447 5070 ι

1426 5131 1513 5182 ror,
1516 5114 1661 5183 ,”nulltn
1686 5120 1836 5186 1ιιιιιιιοιιιιιι
1858 5119 1988 5182 quiden,
2023 5118 2125 5172 deinde
2150 5129 2219 5170 sero
2242 5119 2359 5182 ponetis

1425 5153 1610 5254 semiustis,
1636 5191 1766 5252 tanquam
1785 5200 1840 5240 non
1859 5186 1991 5253 delenda,
2015 5189 2128 5256 signate
2145 5191 2224 5247 est).

1389 5273 1440 5334 ω)
1458 5271 1673 5343 decrevissent]
1691 5275 1775 5329 cone
1800 5276 1995 5342 desererent,

1320 5423 1324 5426 ,
1388 5359 1439 5429 es)
1458 5363 1563 5429 spiritu
1580 5360 1692 5430 uncto]
1712 5363 1779 5416 coa.
1799 5365 1917 5427 nemus
1936 5365 2049 5416 roeo.
2036 5337 2107 5414 sss

1386 5447 1438 5516 N)
1456 5447 1537 5511 lbict]
1555 5435 1623 5500 (iod
1643 5449 1761 5513 utroque
1778 5447 1859 5502 toro:
1883 5443 1967 5499 lblets
2090 5486 2094 5495 .

1171 5515 1218 5545 ν
1322 5573 1324 5578 .
1387 5535 1730 5597 ruminarem:
1752 5537 1822 5604 φιι
