4864 5966
330 261 413 386 aaa·

917 307 1041 384 Pfflh.
1077 309 1192 384 bOEL.
1221 309 1423 385 SCRIl'Ttt
1460 311 1799 384 PHILOLOGICA.

2303 309 2370 385 tot

334 486 508 553 innonat.
576 478 733 576 ideoque
766 479 885 550 aDeo
908 471 1057 574 petant,
1096 496 1136 551 ut
1167 485 1330 576 ipsorum
1383 481 1514 554 Sensus
1530 486 1629 556 abest
1644 486 1766 577 parvis
1781 471 2016 567 lactentibus,
2033 495 2074 552 et
2092 507 2288 575 puerorum

338 583 466 658 studiis
477 584 598 653 faveat
619 596 654 653 et
670 582 814 676 aspiret.
862 583 993 652 'Monet
1010 579 1078 652 hoc

632 717 838 788 Psalmus
864 713 1036 788 CXXVII.

439 855 518 928 Nisi
536 855 716 928 Dominus
737 857 978 934 aedificaverit
1001 859 1170 940 domurn,
1198 857 1330 928 frustra

336 959 497 1046 laborat,
531 959 694 1054 quisquis
717 980 796 1028 eam
820 961 995 1031 aedificat.
1053 959 1131 1032 Nisi

338 1060 549 1134 custodierit
578 1061 780 1143 civitatem,
818 1063 949 1132 frustra
982 1063 1127 1152 vigilat,
1169 1063 1333 1157 quisquis

339 1188 418 1235 eam
435 1157 602 1234 custodit.
644 1163 790 1234 Frustra
809 1177 881 1247 est,
905 1189 1011 1234 mane
1027 1187 1191 1256 surgere,
1216 1165 1332 1257 prius·

340 1289 447 1360 quam
467 1265 602 1358 illuxit,
629 1278 664 1334 et
678 1289 758 1336 sero
775 1266 936 1337 cubitum
954 1269 1026 1349 ire,
1051 1281 1088 1340 ct
1105 1291 1233 1358 magna
1245 1291 1331 1338 cum

338 1367 503 1440 molestia
527 1391 658 1458 panem
680 1368 797 1438 edere.
862 1368 932 1440 Sed
959 1371 1114 1464 quietem
1148 1373 1211 1438 dat
1234 1367 1333 1442 Deua

338 1470 403 1550 iis,
429 1493 519 1564 quos
537 1471 668 1560 diligit.
715 1467 806 1540 Ecce
829 1471 890 1540 filii
911 1463 1114 1543 haereditas
1131 1495 1155 1542 a
1170 1471 1331 1544 Domim

292 1653 295 1660 .
338 1581 441 1654 sunt,
480 1584 516 1640 et
536 1573 656 1665 proles
679 1595 808 1644 munus
830 1573 936 1644 illius.
988 1573 1096 1644 Velut
1119 1577 1269 1666 sagittae
1293 1575 1332 1644 in

341 1674 457 1744 valida
476 1698 588 1744 manu
603 1687 705 1756 sunt,
730 1674 778 1744 ita
793 1687 877 1746 sunt
893 1691 928 1746 et
945 1672 982 1744 hi
999 1678 1157 1748 invenes.
1208 1676 1334 1748 Foelix

339 1788 411 1858 est,
445 1777 507 1869 qui
533 1773 742 1868 pharetram
763 1800 865 1849 auam
889 1779 1022 1849 talibus
1041 1779 1225 1870 implevit,
1256 1803 1333 1848 non

339 1878 599 2048 cpiqiundetur,
629 1879 770 1974 quoties
793 1880 831 1947 in
856 1895 959 1972 porta
987 1881 1136 1952 raserit
1163 1907 1243 1952 cum
1267 1877 1333 1952 ho-

338 2003 355 2051 a
413 2003 465 2052 us.

570 2143 884 2240 Parapbraais
908 2100 1100 2246 Psalmi.

338 2287 447 2382 Quod
464 2285 591 2370 struis,
617 2297 653 2356 et
670 2286 771 2356 coelo
789 2297 905 2358 certat
923 2289 1073 2359 educere
1088 2290 1234 2374 molem,

387 2388 536 2460 Frustra
553 2388 641 2472 erit,
665 2383 737 2457 hoc
751 2392 885 2460 condat
898 2390 938 2458 ni
953 2387 1052 2462 Deus
1066 2403 1193 2464 auctor
1209 2417 1313 2486 opus,

337 2491 447 2584 Quod
463 2489 611 2580 vigilas,
635 2491 834 2585 urbemque
848 2504 912 2564 tuo
928 2491 981 2564 vis
997 2492 1116 2564 Marte
1130 2497 1236 2580 tueri,

391 2591 563 2675 Falleris,
588 2592 754 2663 excubias
771 2587 830 2662 hic
844 2592 916 2664 nisi
932 2590 1095 2666 Christus
1110 2610 1205 2687 agat,

338 2695 432 2766 Ante
449 2695 566 2766 solent
580 2717 694 2765 vanae
712 2714 880 2766 somnum
900 2694 966 2766 tibi
983 2699 1128 2769 demere
1142 2723 1262 2784 curae,

389 2798 511 2891 Quam
526 2793 667 2868 revehit
682 2797 816 2866 claram
833 2797 959 2868 lucifer
974 2798 1051 2890 ipse
1069 2799 1178 2874 diem.

338 2899 385 2970 Et
401 2924 480 2970 cum
497 2900 605 2990 longa
622 2900 698 2970 dies
713 2899 807 2970 tristi
821 2913 1033 2992 consumpta
1049 2901 1174 2974 labore
1192 2916 1257 2988 est,

391 3002 478 3072 Sera
493 3001 595 3095 quies
614 3026 719 3092 aegre
736 3001 907 3093 languida
920 3003 1086 3077 membra
1097 3005 1209 3076 fovet.

340 3103 564 3196 Conarisque
580 3105 713 3177 tament
729 3105 826 3176 nulla
840 3128 921 3182 ,non
938 3109 1167 3198 astringere,

391 3202 490 3278 Nihil
504 3205 599 3296 agis,
626 3219 662 3278 et
673 3208 804 3278 trustra
821 3208 977 3279 sumitur
991 3209 1057 3280 iste
1073 3211 1189 3282 labor.

339 3307 468 3380 Servat
482 3307 617 3403 alitque
632 3310 712 3401 pios
728 3333 849 3381 rerum
866 3325 969 3402 pater
985 3313 1165 3402 optimus,
1192 3314 1276 3382 inde

391 3411 590 3482 Commoda
609 3424 693 3484 sunt
707 3411 802 3484 vitae
817 3426 942 3492 cuncta
960 3417 1112 3504 petenda
1132 3416 1209 3512 tibi.

338 3513 422 3586 Non
432 3516 561 3584 doinus
576 3513 651 3605 ipsa
665 3513 745 3598 sibi,
759 3537 834 3586 non
847 3517 931 3586 urbs
945 3531 1044 3586 creat
1055 3519 1132 3608 ipsa
1146 3531 1333 3609 patronos,

388 3616 548 3702 Foslices
562 3617 657 3688 cives
671 3619 806 3712 datque
819 3619 975 3712 facitque
991 3617 1100 3691 Deus.

336 3716 493 3811 Impetus
509 3730 562 3790 eat
576 3720 691 3812 qualis
707 3721 845 3814 volucri
860 3721 1079 3816 rapidasque
1092 3720 1255 3812 sagittae,

388 3821 514 3914 Quae,
548 3822 717 3914 quicquid
736 3823 841 3913 petiit
854 3823 997 3914 longius
1010 3837 1109 3906 acta,
1134 3825 1228 3896 ferit.

336 3922 394 3995 Sic
408 3945 624 4017 quocunqne
640 3925 735 4014 rapit
751 3925 895 3998 divinus
908 3926 1056 4016 spiritus
1073 3927 1153 3998 illos

245 4019 249 4032 '
388 4023 522 4096 Virtuti
537 4039 670 4116 cogunt
685 4027 809 4098 cedere
824 4039 951 4096 cuncta
970 4051 1069 4097 suae.

336 4129 420 4204 Non
435 4129 581 4209 fortuna
602 4129 719 4213 viros,
744 4152 821 4201 non
835 4128 950 4200 virtus
965 4129 1098 4202 deserit
1114 4152 1287 4224 unquam,

387 4231 463 4306 Nec
478 4232 617 4304 ruitura
632 4254 719 4303 suae
734 4231 876 4302 moenia
894 4243 979 4305 sunt
993 4233 1143 4323 patriae.

1279 2661 1291 2702 l

625 4434 687 4507 De
714 4435 808 4506 vita
835 4432 1038 4508 humana.

336 4571 443 4665 Quod
461 4572 555 4641 vitae
572 4573 735 4644 sectabor
750 4571 843 4642 iter?
874 4573 928 4643 ,si
946 4575 1051 4665 plena
1067 4573 1226 4644 tumultu

311 4709 321 4736 .
335 4673 428 4747 Sunt
441 4675 541 4756 fora;
575 4676 604 4746 si
623 4676 717 4746 curis
733 4677 862 4746 domus
878 4679 1004 4758 anria;
1039 4676 1070 4746 si
1085 4675 1294 4768 peregrinos

335 4777 429 4849 (lura
445 4780 575 4889 domna
589 4778 768 4873 seqnitnr;
794 4792 1014 4850 mercantem
1032 4779 1062 4850 si
1077 4800 1171 4848 nova
1186 4801 1328 4871 semper

334 4880 477 4951 Damna
496 4894 666 4965 manent,
691 4903 828 4952 cessare
844 4895 943 4951 vetat
958 4883 987 4953 si
1006 4883 1290 4973 turpis'sgestas3

335 4983 378 5054 Si.
388 4997 493 5055 verat
507 4985 614 5056 labor
628 4985 844 5076 agricolam,
867 5007 967 5054 mare
985 4985 1179 5075 naufragus
1195 4979 1328 5055 horror

333 5083 507 5171 lutumst,
532 5111 745 5183 poenaeque
759 5111 885 5180 graves
900 5087 938 5156 in
953 5087 1089 5157 coelibe
1105 5089 1192 5171 vita,

328 5185 382 5260 'Et
397 5191 544 5282 grauior
556 5192 670 5262 cantis
688 5192 847 5262 custodia
867 5212 959 5260 vana
977 5190 1134 5269 maritis;

335 5293 577 5386 Sanguineum
597 5294 628 5364 si
642 5294 768 5364 Martis
785 5319 894 5386 opus,
921 5295 950 5364 si
968 5293 1085 5384 turpia
1103 5291 1202 5362 lucra

332 5395 526 5479 Foeneris,
549 5409 587 5468 et
600 5398 705 5471 uelox
717 5397 845 5490 inopes
861 5420 967 5468 usura
985 5395 1151 5478 trucidat,

1382 584 1482 656 Dura
1498 588 1726 672 rudimenta,
1749 600 1785 655 et
1802 588 1981 656 iuvenum¹
1993 587 2182 654 temeraria
2200 588 2311 680 pubes

1382 689 1541 760 Afflictat
1554 692 1700 760 fortuna
1716 691 1813 760 viros
1830 711 1895 782 per
1912 689 2028 768 betta,
2055 709 2121 779 per
2134 709 2283 784 aequor,

1383 788 1457 863 lras
1473 793 1713 887 insidiasque,
1739 805 1992 886 catenatosque
2010 792 2171 876 labores,

1384 893 1578 965 Mutandos
1595 920 1736 986 semper
1752 894 1999 988 gravioribus,
2025 894 2101 985 ipsa
2119 905 2280 964 senectus

1153 958 1333 1078 „⁰¹⁰5”ss
1382 995 1556 1088 Expectat
1571 998 1633 1069 diu
1649 997 1811 1092 votisque
1827 1009 1949 1092 optata
1965 995 2146 1088 malignis.

1384 1098 1518 1170 Obiicit
1530 1100 1731 1172 innumeris
1745 1124 1875 1193 eorpus
1891 1099 2079 1169 lacerabile
2094 1097 2241 1169 morbis.

1384 1203 1594 1294 Spernimus
1609 1203 1647 1272 in
1662 1227 1852 1275 commune
1869 1227 1994 1274 omnes
2010 1202 2226 1294 praesentia.
2244 1201 2361 1296 ¹Quos-

2005 1305 2087 1374 dam

1385 1405 1536 1479 Constat
1550 1407 1647 1476 nolle
1663 1410 1749 1478 deos
1764 1407 1861 1490 lieri,
1888 1403 2036 1477 lutnrna
2051 1407 2245 1476 reclamat:

1385 1507 1468 1604 Quo
1491 1510 1602 1579 vitam
1628 1511 1726 1580 dedit
1750 1507 1959 1580 aeternam?
2003 1509 2078 1580 Cur
2101 1509 2232 1578 mortis
2254 1511 2360 1577 adem-

2006 1625 2066 1703 pta
2087 1623 2140 1682 est

1385 1713 1581 1784 Conditio?
1618 1715 1676 1784 Sic
1692 1711 1863 1798 Caucasia
1879 1715 1945 1784 snb
1957 1739 2047 1808 rupe
2062 1709 2297 1784 Prometheus

1384 1815 1555 1888 Testatur
1571 1817 1870 1909 Saturnigenam,
1894 1839 1961 1888 nec
1973 1817 2125 1913 nmrrine
2138 1827 2252 1889 cessat

1384 1915 1551 1991 lncusare
1565 1917 1709 2005 lovem,
1735 1922 1817 1991 data
1834 1920 1880 1990 sit
1894 1923 1991 2013 quod
2009 1921 2081 1989 vita
2100 1917 2278 2011 perennia.

1384 2020 1535 2113 Respice
1553 2033 1589 2091 et
1605 2025 1649 2092 ad
1668 2023 1782 2095 cultus
1799 2023 1923 2092 animi.
1958 2021 2016 2094 Stc
2031 2045 2162 2114 nempe
2181 2018 2339 2113 pudicum

1384 2124 1548 2194 Perdidit
1562 2123 1798 2218 Hippolytum
1816 2149 1891 2194 non
1906 2123 2014 2195 foelix
2031 2118 2114 2196 cura
2134 2123 2291 2215 pudoris.

1383 2229 1435 2298 At'
1448 2239 1571 2296 contra
1587 2228 1763 2298 illecebris
1777 2229 1997 2298 maculosam
2014 2231 2143 2298 dnc'ere
2159 2227 2270 2296 vitant

1385 2328 1502 2421 Quem
1517 2329 1629 2414 iuvat,
1645 2328 1762 2421 aspice
1776 2342 1813 2398 et
1826 2331 1871 2398 ad
1885 2348 2020 2421 poenas
2036 2343 2071 2399 et
2081 2329 2237 2400 crimina
2251 2349 2358 2420 regum

1384 2431 1521 2504 Tereos
1538 2432 1681 2516 incesti,
1707 2433 1765 2500 vel
1778 2433 1896 2503 mollis
1913 2431 2165 2525 Sardanapali.

1384 2533 1576 2605 Perfidiam
1593 2536 1708 2605 vitare
1724 2548 1875 2604 monent
1889 2536 1956 2605 tria
1973 2535 2110 2606 Punica
2128 2533 2236 2616 bella,

1384 2635 1453 2706 Sed
1469 2635 1638 2728 prohibet
1655 2661 1798 2707 servare
1817 2639 1923 2708 fid'em
1942 2638 2057 2708 deleta
2076 2636 2266 2728 Saguntos.

1379 2735 1474 2808 'Vive
1488 2753 1524 2810 et
1538 2740 1714 2812 amicitias
1729 2760 1871 2832 semper
1887 2741 1984 2824 cole,
2011 2741 2149 2811 crimen
2165 2741 2212 2808 ob
2228 2739 2317 2810 istud

1384 2835 1711 2934 Pithagoraeorum
1725 2843 1834 2934 periit
1848 2839 1968 2913 schola
1989 2844 2092 2913 docta
2112 2838 2318 2934 sophorum.

1385 2943 1462 3013 lior
1481 2959 1644 3016 metuens
1659 2945 1768 3036 igitur
1782 2945 1898 3018 nullas
1915 2948 2011 3030 cole,
2037 2946 2175 3014 crimen
2192 2946 2239 3015 ob
2254 2944 2339 3016 istud

1385 3046 1519 3117 Timon
1536 3049 1709 3118 Palladiis
1726 3049 1811 3117 olim
1828 3049 2006 3140 lapidatus
2019 3044 2183 3118 Athenis.

1385 3147 1542 3220 Dissidet
1556 3152 1732 3243 ambiguis
1747 3174 1889 3242 semper
1906 3175 2008 3223 mens
2025 3149 2132 3220 obvia
2148 3149 2255 3220 votis.

1384 3251 1458 3324 Nec
1473 3253 1628 3325 voluisse
1643 3249 1784 3323 homini
1799 3251 1884 3324 satis
1898 3268 1969 3339 est,
1996 3265 2120 3345 optata
2134 3261 2311 3323 recusant.

1383 3353 1469 3426 Esse
1483 3355 1522 3424 in
1539 3352 1679 3426 honore
1696 3356 1825 3448 placet,
1839 3380 1930 3450 ⁴mor
1943 3357 2124 3449 poenitet,
2142 3365 2178 3425 ct
2193 3351 2361 3425 dominari

1384 3457 1434 3527 Ut
1452 3461 1612 3552 possint,
1637 3460 1772 3530 servire
1788 3460 1936 3540 nolunt;
1962 3459 2059 3529 iderti
2078 3472 2204 3530 auctus
2219 3454 2349 3542 honore

1382 3557 1544 3632 lnvidiae
1559 3562 1739 3632 obiicitur.
1783 3562 1929 3633 Pernox
1945 3573 1999 3638 est
2014 3586 2099 3633 cura
2117 3559 2273 3645 disertis,

1384 3663 1452 3734 Sed
1470 3667 1570 3735 rudis
1586 3679 1718 3736 ornatu
1732 3655 1828 3748 vitae
1843 3677 1952 3738 caret.
2003 3661 2091 3736 Fsto
2112 3672 2289 3758 patronus

1382 3765 1429 3836 Et
1445 3768 1594 3837 defende
1607 3792 1709 3852 reos,
1739 3769 1801 3839 sed
1818 3758 1932 3860 gratia
1949 3791 2031 3837 rara
2047 3767 2198 3838 clientis.

1383 3867 1470 3938 Esto
1487 3870 1618 3955 cliens,
1644 3871 1762 3962 gravis
1776 3869 1919 3964 imperii
1937 3893 2089 3963 persona
2107 3861 2270 3962 patroni.

1382 3969 1558 4043 Exercent
1570 3969 1667 4043 hunc
1681 3986 1767 4043 vota
1782 3987 1950 4066 patrum,
1976 3999 2060 4045 mox
2075 3995 2201 4065 aspera
2219 3969 2314 4043 curis

1383 4073 1594 4146 Sollicitudo
1610 4077 1725 4161 subit,
1752 4077 1997 4148 contemnitur
2011 4079 2098 4146 orba
2117 4087 2283 4170 senectus

1382 4175 1429 4246 Et
1443 4179 1637 4270 captatoris
1651 4182 1786 4272 praeda
1804 4193 1857 4251 est
1872 4176 2038 4252 haeredis
2058 4201 2203 4271 egenus,

1305 4326 1308 4336 ·
1381 4277 1502 4350 Vitam
1519 4305 1649 4374 parcus
1664 4304 1768 4374 agas,
1792 4283 1889 4353 avidi
1901 4285 2107 4354 lacerabere
2123 4281 2237 4366 fama,

1381 4381 1429 4452 Et
1440 4385 1648 4477 largitorem
1669 4385 1812 4477 gravius
1829 4408 1977 4458 censura
1993 4384 2146 4456 notabit'.

1382 4485 1517 4558 Cuncta
1534 4487 1599 4557 tibi
1616 4489 1774 4560 adversis
1792 4491 1971 4560 contraria
1988 4490 2127 4560 casibus
2144 4509 2233 4577 ergo
2404 4557 2405 4570 ,

1381 4589 1527 4684 Optima
1539 4589 1733 4662 Graiorum
1749 4595 1938 4677 sententia,
1955 4594 2088 4688 quippe
2103 4585 2249 4661 homini
2265 4586 2364 4662 aiunt
2404 4581 2405 4651 l

1380 4691 1463 4764 Non
1487 4694 1587 4765 nasci
1612 4697 1865 4780 essebonum,
1906 4700 2031 4766 natum
2065 4709 2128 4765 aut
2157 4693 2232 4764 cilo
2259 4701 2363 4762 morte

1550 4803 1555 4816 ’
1999 4797 2120 4892 potiri.

1661 4969 1794 5039 Dicta
1822 4971 2090 5064 sapientum

1544 5087 1696 5191 Erasmo
1720 5089 1969 5161 Roterodamo
1990 5092 2204 5184 interprete.
2399 5105 2402 5279 q

1478 5322 1481 5337 .
1560 5235 1583 5246 ”
1610 5211 1857 5341 Periandri
1882 5218 2134 5332 cecinisti.

1420 5418 1427 5436 ¹
1480 5394 1659 5469 Omnibus
1679 5395 1835 5488 placeto.
1858 5430 1861 5439 ·
1888 5395 1990 5466 nan.
2016 5412 2072 5470 tea
2096 5396 2211 5490 quies.
2271 5395 2360 5469 Peri·

333 5498 454 5586 Omns
470 5503 741 5588 aevumapra‘a,
768 5501 905 5570 nanctis
918 5523 983 5570 sua
998 5498 1163 5590 displicet
1177 5509 1288 5570 aetas.
1376 5499 1496 5571 culoso
1519 5501 1713 5570 temeritas.
1730 5521 1734 5529 ’
1760 5493 2142 5593 ·Sempar·valnptates
2161 5504 2253 5574 sunt
2274 5521 2359 5572 rnor-
