4864 5966
91 291 161 370 dot

87 465 190 535 breve
212 457 399 550 supinum,
432 460 561 546 eitun,
593 473 634 532 ut
655 457 785 561 [Ovid.
809 484 865 556 ep.
886 486 930 533 er
949 461 1070 533 Ponto

87 565 193 650 ΜΞ,
209 556 258 634 35
273 558 365 659 sq.]:

178 679 291 734 ΜΝ
306 679 418 735 scitor
436 678 571 747 sudum,
588 678 756 744 laudemque
773 679 866 730 vlrtus

212 763 340 832 orout,
364 767 394 818 et
411 764 572 819 immensum
589 764 681 830 glorie
697 766 791 816 mtcsr
807 765 899 818 beist.

177 852 325 929 Passiva
340 853 533 946 praeterita
549 853 640 922 lium
659 876 678 922 a
696 853 855 946 supinis,
882 865 923 923 ut
944 851 1069 924 doetus

87 983 178 1038 sum,
204 967 323 1030 tortus
345 981 439 1028 sum.
498 953 635 1026 Verum
660 979 752 1050 quae
775 954 913 1048 supinis
933 967 1070 1040 carent,

87 1063 125 1134 iis
141 1063 271 1132 desunt
281 1059 477 1150 praeterita
493 1061 647 1152 passiva,
673 1071 715 1130 ut
730 1059 831 1128 verbi
844 1081 976 1149 urgeor
989 1057 1070 1128 nul-

85 1165 154 1237 lum
172 1163 485 1253 estpraeteritum.
536 1159 595 1234 sic
619 1173 655 1231 et
674 1159 776 1230 verbi
800 1163 967 1245 medeor,
998 1159 1070 1236 nisi

86 1264 276 1338 amedicor
288 1277 508 1335 mutuemur.
627 1299 630 1306 ,

178 1365 357 1436 Misereor
374 1366 459 1436 facit
473 1364 640 1437 misertus
656 1386 748 1435 sum.

114 1561 118 1568 ¹
178 1469 324 1541 Mereor
340 1459 543 1565 ἀνώμαλον
550 1463 583 1564 ¹)
599 1465 715 1537 merui
731 1480 767 1538 et
782 1465 931 1538 meritus
944 1489 1035 1538 sum.

176 1569 278 1642 Reor
482 1583 691 1640 ratussum.

176 1673 312 1744 Fateor
326 1674 440 1745 lassus
456 1697 557 1757 sum,
584 1671 767 1742 Confiteor
783 1670 962 1741 consessus
977 1692 1068 1738 sum.

92 1785 98 1794 '
174 1771 349 1847 ''lhreor'
478 1773 589 1845 tuitus
611 1797 703 1845 sum.
769 1771 873 1843 'l'uor
905 1784 941 1841 et
972 1781 1069 1844 totus

87 1903 150 1971 pro
164 1878 354 1972 participio
368 1877 539 1948 videntur
553 1876 753 1970 antiquata.
1052 1879 1054 1884 '

150 1976 319 2051 Formula
334 1979 600 2072 coniugationis
614 1991 669 2049 est
686 1999 729 2047 er
741 1975 887 2046 Donato
901 1976 1069 2083 petenda.

219 2151 304 2266 lle¹
327 2153 492 2236 tertio
518 2147 917 2264 coniugatione.

180 2297 221 2378 ln
246 2300 351 2373 tertia
376 2299 631 2391 coniugatione
648 2319 724 2371 non
748 2309 801 2368 est
823 2320 916 2366 unus
941 2291 1070 2388 aliquis

86 2397 263 2474 character
278 2401 579 2495 praeteritorum,
604 2399 698 2472 utin
713 2398 958 2491 superioribus
974 2395 1071 2466 ordi-

85 2503 204 2589 nibus,
230 2506 293 2576 sed
309 2504 469 2597 singulae
495 2502 769 2573 terminationes
789 2525 872 2572 suos
895 2500 1069 2594 quosdam

86 2601 320 2690 characteres,
358 2629 513 2702 suasque
541 2605 738 2688 formulas,
779 2626 910 2698 easque
938 2601 1071 2685 varias,

85 2703 221 2781 habent.
289 2708 450 2780 Proinde
481 2707 611 2779 ordine
640 2730 766 2778 omnes
799 2704 1071 2776 terminationes

86 2833 338 2905 proponemus

533 2942 614 3015 ΒΟ.

179 3063 276 3136 Cum
288 3065 397 3156 longa
415 3062 549 3134 vocalis
568 3075 788 3156 postremam
810 3061 985 3155 syllabam
1009 3083 1073 3130 an-

86 3165 160 3251 teit,
200 3165 408 3261 praeteritis
430 3166 472 3233 ht
492 3165 575 3255 psi,
608 3177 649 3234 ut
676 3164 775 3235 nubo
798 3163 923 3255 nupsi,
953 3163 1072 3238 scribo

87 3269 213 3362 scripsi.
280 3268 391 3348 Ptum
418 3267 557 3360 supinis
585 3265 690 3363 ht'),
723 3280 765 3358 ut
785 3279 959 3358 nuptum,
985 3264 1075 3336 scri·

86 3383 191 3464 ptum.
248 3369 398 3441 Caetera
416 3369 456 3439 hi
477 3369 634 3452 faciunt,
667 3382 707 3438 ut
728 3368 815 3440 bibo
839 3366 933 3453 bibi,
965 3369 1073 3438 seaho

87 3475 184 3546 scabi.
241 3471 489 3568 Compositaa
514 3471 605 3541 cubo
629 3469 819 3552 imitantur
840 3470 1073 3562 praeteritum

88 3575 273 3669 simplicis,
311 3589 353 3648 ut
375 3573 546 3646 incumbo
567 3572 726 3644 incubui.
790 3572 907 3666 Supra
931 3573 1075 3643 monui-

89 3701 172 3764 mus,
187 3679 228 3750 in
243 3677 349 3750 tertia
366 3676 834 3770 coniugationeeomposita
852 3671 960 3747 huius
973 3676 1075 3749 verbi

39 3871 45 3886 ἢ
88 3805 120 3848 m
140 3781 348 3854 adsmcere.
398 3780 495 3854 Tum
510 3777 649 3872 supinis
662 3779 720 3864 fit,
746 3791 788 3851 ut
801 3777 1005 3851 lambitum.

538 3912 613 3985 CO.

182 4017 284 4092 Haec
296 4017 336 4087 in
352 4016 386 4086 ci
401 4017 596 4111 praeterita
610 4015 767 4102 facicmt,
792 4015 854 4089 sed
868 4016 980 4088 varie.
1004 4013 1076 4086 Va·

86 4119 230 4190 riantet
245 4118 389 4214 supina.
936 4109 942 4122 ¹

132 4219 250 4294 Vince
323 4220 426 4290 ‘vici
580 4219 729 4291 victum.

132 4325 250 4397 Pareo
354 4322 499 4415 peperci
516 4333 552 4392 et
566 4323 664 4415 parsi
678 4344 825 4414 parsum

133 4427 251 4500 Posco
286 4499 306 4530 s
354 4425 506 4518 poposci
520 4424 597 4496 sine
615 4425 745 4517 supino

133 4529 245 4603 Disco
357 4527 468 4597 didici
488 4525 565 4600 sine
582 4527 713 4621 supino

132 4630 193 4702 lco
360 4630 409 4700 ici
589 4631 712 4702 ictum.

239 4764 339 4870 llaec
354 4766 393 4838 in
410 4764 447 4836 vi
461 4765 635 4862 syllabam
653 4764 840 4838 desinunt:

134 4883 252 4955 Pasco
384 4884 471 4978 pavi
599 4896 743 4976 pastum

135 4985 268 5058 Cresco
387 4987 484 5057 crevi
596 4999 752 5070 cretum,
792 5008 865 5080 quo
895 4995 1017 5053 tamen
1042 4981 1080 5053 in

506 5123 509 5130 v
635 5087 789 5182 simplici
802 5111 879 5158 non
892 5098 1055 5160 utuntur.

88 5247 296 5264 *ι*

124 5326 155 5388 t]
177 5319 345 5396 droipolor]
364 5325 400 5378 ab
416 5321 502 5377 rust
518 5321 611 5390 rste,
629 5335 654 5374 s.
668 5333 694 5375 s.
712 5325 799 5376 obest.

122 5429 156 5496 θ)
175 5431 255 5483 Pte·
271 5430 380 5492 svptnls
397 5429 457 5495 ¹t‚]
475 5427 526 5482 td.
541 5426 617 5478 tw.
635 5425 741 5490 smus
761 5426 831 5478 lunt
846 5439 898 5492 par
914 5386 1008 5496 ptum,
1030 5427 1083 5483 M.

157 5513 184 5548 s.
196 5510 238 5551 ss
261 5499 368 5561 suptus
385 5497 454 5550 lunt
471 5497 500 5548 ts
511 5497 604 5562 ptum,

1064 1670 1068 1678 .
1171 1603 1275 1678 Duco

1084 4152 1086 4155 ,
1178 4089 1340 4162 Osteudo
1458 4095 1599 4178 ostendi

532 391 534 396 v
661 345 665 356 .
737 287 861 364 xcvi
913 286 1241 362 ennunnnca
1271 283 1467 360 narnus.
1579 251 1582 266 '

1173 459 1330 556 Quiesce
1417 457 1539 553 quievi
1634 457 1796 553 quietum

1173 563 1377 636 Conssaesco
1416 560 1586 632 consuevi
1633 575 1843 633 consuetum

1170 665 1290 738 Nosco
1414 663 1503 734 novi
1632 677 1760 734 notum

1172 769 1339 861 Agnosco
1410 765 1544 857 agnovi
1633 765 1806 858 agnitum.
1887 763 1946 836 Sic
1982 789 2116 859 cogno-

1120 893 1180 941 sco
1195 871 1241 967 ⁸).

1172 972 1290 1043 Scisco
1357 1023 1361 1028 -
1404 971 1493 1042 scivi
1631 969 1781 1052 scitum,
1809 981 1995 1042 mutuatur
2009 994 2114 1064 prae·
2153 957 2157 964 ’

1120 1075 1266 1144 teritum
1284 1097 1305 1143 a
1321 1071 1497 1157 themate,
1522 1072 1614 1144 sicut
1630 1073 1698 1142 alia
1715 1067 1934 1144 inchoativa.
2057 1143 2060 1148 ,

1171 1176 1324 1248 Senesco
1401 1176 1521 1260 senui,
1562 1197 1648 1244 nam
1677 1176 1883 1267 fingendum
1911 1188 1964 1247 est
1990 1175 2113 1252 thema

1120 1303 1241 1352 senen.
1392 1304 1395 1312 ·

1171 1398 1293 1470 Glisco
1311 1409 1408 1468 caret
1424 1396 1621 1490 praeterito
1635 1407 1671 1466 et
1686 1385 1816 1488 supino
1830 1393 1874 1494 ⁴).

1641 1499 1777 1571 dictum

1641 1602 1787 1672 ductum

1657 1705 1795 1776 duahus
1812 1704 1969 1798 syllabis.

1171 1500 1262 1571 Dico

1412 1499 1487 1571 dixi

1166 1689 1169 1694 Δ
1406 1602 1493 1674 duxi

1172 1705 1370 1797 Compesce
1409 1702 1631 1797 compescui,

1572 1853 1654 1928 DO.

1222 1975 1261 2047 si
1281 1978 1391 2068 longa
1413 1977 1547 2048 vocalis
1571 1978 1775 2069 praecedit,
1811 1955 2046 2070 praeteritum
2067 1983 2114 2074 ¹lit

1001 2095 1005 2102 ’
1120 2101 1186 2170 per
1204 2077 1254 2163 si,
1279 2081 1407 2172 supina
1422 2104 1487 2170 per
1500 2104 1578 2151 sum
1586 2079 1639 2174 ⁸),
1671 2105 1756 2152 nam
1775 2092 1811 2152 et
1825 2084 1863 2154 di
1877 2095 1913 2155 et
1927 2085 1959 2158 si
1971 2096 2116 2155 mutan-

1121 2179 1236 2251 turin
1252 2181 1389 2274 supinis
1405 2181 1443 2251 in
1460 2207 1551 2252 sum.

1172 2281 1278 2368 Rado
1434 2299 1509 2372 resi

1174 2398 1280 2470 Ludo
1434 2400 1506 2472 lusi
1659 2400 1779 2473 lusum

1174 2502 1277 2574 Cudo
1432 2503 1515 2583 cudi
1660 2529 1783 2576 cusum

1171 2603 1281 2675 Rudo
1430 2606 1533 2690 cudi,
1559 2605 1646 2677 facit
1661 2606 1737 2678 sine
1755 2609 1914 2705 supino.¹
1938 2660 1945 2676 .

1173 2705 1308 2778 Divido
1431 2708 1539 2778 divisi
1661 2709 1816 2782 divisum

1172 2807 1266 2880 Fido
1431 2811 1516 2882 fisus
1529 2833 1627 2883 sum.

1662 2323 1784 2372 rasum
1828 2369 1835 2380 ,

1426 2946 1576 3018 Caetera
1602 2949 1640 3019 di
1662 2950 1803 3022 liniunt.

1175 3065 1303 3136 Fando
1460 3067 1573 3159 pandi
1728 3095 1872 3163 passum

1175 3167 1317 3239 Scando
1458 3171 1582 3242 scandi
1726 3198 1890 3246 scansum

1175 3269 1340 3342 Ascendo
1459 3272 1601 3343 ascendi
1728 3295 1933 3364 ascensum,
1959 3279 2017 3352 Sic
2039 3306 2117 3354 cae·

1125 3385 1203 3443 tera
1225 3370 1436 3465 composita.

1177 3474 1315 3547 Mando
1457 3476 1582 3556 mandi
1731 3503 1897 3554 mansum

1177 3577 1300 3651 Strido
1354 3571 1357 3580 '
1437 3577 1578 3664 ,stridi,
1604 3580 1843 3675 sinesupino.

1177 3676 1370 3750 Prehendo
1451 3678 1661 3774 prehendi.
1730 3681 1946 3778 prehensum

1177 3781 1344 3872 Delendo
1454 3785 1597 3858 defendi
1735 3791 1921 3864 defensum

1177 3883 1334 3956 Offendo
1453 3887 1592 3963 offendi
1736 3877 1911 3987 ollenshm

1178 3986 1308 4059 'leudo
1451 3992 1590 4062 tetendi
1732 4007 1871 4068 tentum
1890 4010 1926 4067 et
1940 4009 2092 4072 tensum

1737 4111 1930 4185 ostentum,
1951 4113 1987 4170 et
2002 4115 2120 4174 osten-

1479 4219 1580 4280 sum,
1606 4198 1667 4267 sed
1684 4185 1863 4292 posterius
1875 4202 2040 4277 usitatius
2056 4217 2119 4280 est.

1179 4296 1347 4366 Accendo
1458 4299 1604 4369 accendi
1744 4326 1933 4398 accensum

1178 4397 1312 4468 'fundo
1458 4401 1577 4471 tutudi
1748 4417 1894 4476 tunsum
1911 4419 1947 4478 et
1961 4420 2080 4483 tusum

1130 4573 1335 4584 ...ιι-ι..-

1163 4665 1347 4732 stagnum.
1389 4661 1619 4734 siccomoros]
1647 4665 1731 4722 lttttt.
1749 4670 1845 4740 tm„
1870 4683 1893 4723 s.
1907 4683 1950 4728 e:
1981 4675 2115 4742 quun,

1200 4735 1351 4801 penultimo
1368 4733 1455 4786 trevi.

1233 4805 1380 4868 cognosco
1415 4801 1535 4868 cognovi
1569 4799 1724 4872 cognitum,
1747 4807 1897 4870 penntttms
1913 4807 1999 4860 brsvt.

1233 4873 1353 4938 tgnosco
1412 4871 1510 4937 lgnovt
1566 4872 1705 4939 motum,
1725 4877 1877 4938 pendens
1893 4877 1994 4945 longe,
2017 4879 2123 4932 retinet

1201 4942 1274 4994 enta
1289 4942 1403 4993 litarem
1421 4939 1564 5004 stmpltuts.

1166 5041 1198 5114 4)
1216 5045 1300 5095 ratu
1317 5042 1410 5107 tm,
1429 5057 1454 5095 s.
1465 5053 1492 5096 o.
1510 5043 1631 5098 ddunt:
1656 5041 1857 5107 consummo,
1882 5048 1963 5096 vetus
1980 5049 2009 5098 et
2025 5050 2122 5100 exote-

1201 5115 1259 5166 tun
1276 5114 1408 5180 vertum,
1426 5111 1653 5178 lecttconqnext,
1674 5113 1703 5162 st
1719 5112 1859 5177 stgntttcst
1875 5117 1959 5180 capnt
1976 5115 2124 5174 tueuurs.

1166 5215 1317 5336 mammas·
1333 5216 1545 5335 pefidsnfflssslo
1569 5216 1618 5266 ud.
1640 5227 1664 5264 s.
1687 5215 1795 5334 ''ldtln
1819 5217 1904 5336 Edit&
1928 5219 2020 5336 'tm’
2047 5221 2124 5276 1129.

1202 5289 2125 5423 alhuhnasec‘nsso:'plllo'e’ltlshlimshllinlhlul'ofirlffi

1203 5422 1315 5474 terito·
1334 5423 1365 5474 lt
1383 5437 1433 5486 per
1452 5422 1495 5490 si,
1525 5423 1645 5475 &stem
1662 5421 1689 5472 dl
1707 5423 1813 5476 finiunt.
1855 5424 1956 5478 timulo
1972 5425 2001 5478 ln
2018 5425 2124 5490 supmts

1204 5504 1266 5545 sors
1281 5493 1401 5556 minat,
1597 5563 1649 5637 ²0
1660 5556 1681 5596 1
