4920 5956
122 285 192 359 761

123 456 334 537 commoda,
359 449 543 544 religionis
557 457 802 542 contemptus,
827 421 1006 538 periuria',
1032 468 1111 516 cae·

123 563 201 645 des,
226 569 370 650 stupra,
394 553 612 626 vastationes
627 573 817 644 agrorum,
843 561 879 619 et
895 547 1038 620 similia.

402 749 406 754 ·
460 787 465 799 ,
524 709 743 804 Even‘tas

225 861 334 955 Quod
354 858 498 930 effectus
516 855 595 937 alii,
622 875 688 924 nos
707 863 833 923 menta
852 875 1034 924 vocamus.

223 965 280 1034 Ab
301 957 358 1034 his
381 959 530 1053 perinde
551 969 591 1028 ut
612 981 631 1024 a
654 954 786 1027 caussis
799 951 995 1026 trahuntur
1009 977 1112 1046 argu-

123 1079 280 1242 memhb
297 1167 424 1242 effectu
439 1185 582 1236 carruae
599 1157 851 1257 efficientis⁰·),
872 1171 923 1246 ut,
943 1157 1030 1230 Dies
1047 1171 1113 1243 est,

123 1297 208 1366 ergo
229 1272 285 1346 sul
310 1281 410 1342 orteia
436 1279 500 1340 est.
552 1265 678 1336 Proles
702 1275 755 1336 est
778 1261 961 1345 Traiano,
990 1261 1114 1354 genuit

121 1378 243 1470 igitur.
295 1368 460 1466 .Yerbum
475 1367 543 1441 ,aei
568 1366 669 1441 audit
690 1365 897 1450 Cornelius,
931 1376 984 1438 est
1004 1363 1114 1457 igitur

122 1506 163 1554 ex
183 1481 264 1651 dex·
283 1575 454 1658 materia,
481 1568 626 1668 Cyphus
649 1569 820 1664 liquitur,
845 1591 920 1640 non
938 1582 990 1642 est
1004 1568 1115 1662 igitur

122 1685 402 1864 1181181ιῗοῐοιιιιι,
419 1775 595 1849 Volubilis
606 1775 804 1868 estglobns,
820 1786 872 1844 est
887 1772 996 1867 igitur
1011 1786 1114 1845 teres.

223 1883 420 1967 Alinibus,
444 1880 533 1973 Agri
549 1879 678 1950 vastati
696 1891 797 1960 sunt,
825 1877 915 1950 caesi
931 1879 1027 1946 ferro
1043 1877 1114 1946 cul-

123 2001 239 2074 tores,
264 1985 397 2057 bellurn
415 1983 523 2076 igitur
539 1981 618 2053 luit.

222 2087 394 2181 Exempla
428 2110 493 2178 pro
519 2109 556 2158 se
580 2082 729 2180 quisque
753 2081 943 2174 diligenter
967 2093 1115 2156 venetur
1166 2135 1169 2142 .

122 2217 163 2263 ex
180 2189 327 2286 optimis
343 2189 544 2284 quibusque
560 2183 815 2290 scriptoribus,
841 2209 933 2279 quae
954 2183 1114 2256 dicturus

125 2307 189 2365 aut
212 2294 409 2387 scripturus
430 2289 610 2374 imitetur,
636 2285 740 2358 nobis
757 2286 841 2359 satis
860 2286 974 2358 visum
994 2299 1047 2358 est
1061 2286 1115 2356 in-

124 2397 258 2470 dicasse
276 2393 551 2488 argumentandi
566 2392 727 2462 modum.
779 2387 904 2484 Neque
917 2413 1045 2482 parum
1060 2413 1116 2459 re-

124 2501 214 2583 lert,
241 2521 457 2594 quocunque
471 2494 657 2590 proposito
676 2488 852 2576 themate,
877 2491 996 2564 statim
1017 2515 1116 2564 caus·

123 2625 179 2673 sas
197 2601 385 2672 effectusve
403 2621 636 2694 cognoscere,
659 2595 733 2666 imo
754 2593 944 2687 peculiaris¹
962 2607 1014 2666 est
1030 2619 1115 2688 ope-

124 2727 204 2790 rae,
231 2701 461 2798 perquirere,
487 2725 529 2772 ex
548 2699 678 2798 quibus
694 2697 781 2794 quid
802 2712 995 2794 sequatur,
1022 2721 1114 2794 quae

125 2805 295 2903 cuiusque
313 2805 366 2878 rei
383 2829 547 2888 caussae,
574 2801 637 2898 qui
658 2801 802 2872 effectus
823 2801 905 2874 sint.

486 2971 758 3066 Pugnantia.

228 3119 262 3189 Α
274 3113 530 3210 pugnantibus,
553 3123 589 3182 et
602 3107 815 3205 frequentia,
838 3122 874 3179 et
888 3108 1041 3180 efficacia
1060 3133 1115 3179 ar·

633 273 709 350 vn.
761 253 1129 346 conruuntaan
1155 231 1468 344 brunenses
1494 265 1659 345 narro.

1759 169 1806 226 ἦ,

2082 273 2159 354 ⁷62

1163 443 1271 515 visus.
1323 443 1532 534 Significant
1549 455 1667 514 autem
1688 443 1907 536 privationes
1921 465 1995 517 non
2015 459 2158 520 contra·

1162 547 1236 618 rias
1255 559 1394 618 res'aut
1414 547 1569 632 formas,
1602 559 1665 617 aut
1690 547 1898 642 qualitates,
1931 551 1993 622 sed
2016 562 2158 623 tantum

1164 649 1390 744 quarundam
1415 651 1615 721 formarum
1643 662 1706 720 aut
1737 651 1966 746 qualitatum
1982 654 2159 748 despolias

1164 743 1313 824 tionem.
1366 749 1526 823 Caecitas
1549 755 1645 824 enim
1667 768 1832 840 nonest,
1857 755 1928 827 nisi
1942 756 2157 852 despoliatio

1164 853 1278 934 visus;
1321 853 1489 924 tenebrae
1518 878 1592 924 non
1623 855 1692 927 nisi
1720 857 1932 950 despoliatio
1958 859 2058 932 lucis.
2115 857 2158 934 lu

1163 951 1219 1027 his
1237 956 1321 1024 item
1338 956 1387 1028 sic
1406 971 1717 1048 argumentamur:
1745 955 1933 1031 Tenebrae
1956 976 2056 1046 sunt,
2081 985 2158 1033 non

1165 1069 1217 1130 est
1231 1057 1341 1150 igitur
1357 1059 1431 1130 lux.
2023 1147 2027 1156 ‚

1267 1159 1654 1246 contradictoriorum,
1672 1187 1765 1258 quae
1782 1165 2047 1257 propositiones
2062 1179 2159 1252 sunt,

1164 1259 1259 1330 inter
1273 1287 1361 1358 qnas
1377 1258 1478 1334 nullo
1495 1267 1604 1335 modo
1622 1266 1803 1351 convenit,
1828 1279 1881 1352 ut,
1907 1263 2059 1340 loannes
2073 1269 2160 1342 scri·

1164 1365 1235 1448 bit,
1262 1363 1414 1438 loannes
1432 1391 1506 1436 non
1523 1367 1665 1452 scribit,
1692 1393 1783 1464 qnae
1803 1392 1988 1465 nunquam
2009 1383 2160 1465 possunt

1165 1469 1291 1538 eodem
1310 1479 1472 1561 tempore
1488 1469 1692 1544 convenire.
1727 1471 1797 1542 Sed
1813 1475 1856 1542 de
1871 1473 2160 1548 contradictoriis

1166 1581 1202 1640 et
1219 1594 1330 1664 ,supra
1351 1571 1517 1643 diximus.
1567 1569 1609 1642 ln
1626 1568 1681 1644 his
1697 1571 1746 1644 sic
1762 1589 2068 1666 argumentamur.¹
2120 1575 2160 1648 si

1166 1696 1290 1744 verum
1307 1687 1359 1745 est
1374 1675 1666 1766 pronuntiatum:
1691 1676 1822 1749 Caesar
1839 1671 1924 1748 vicit
1932 1679 2161 1774 Pompeium,

1166 1775 1386 1868 impossibile
1426 1789 1478 1848 est
1510 1777 1828 1850 contradictorium
1864 1783 2158 1874 pronuntiatum:

1167 1875 1300 1950 Caesar
1319 1903 1393 1948 non
1413 1879 1499 1950 vicit
1513 1879 1741 1973 Pompeium.
1793 1881 1875 1955 Non
1893 1897 1945 1954 est
1961 1885 2057 1954 enirn
2075 1909 2159 1955 con·

1166 1979 1355 2066 tradictio,
1381 1981 1451 2054 nisi
1466 1981 1503 2050 in
1518 1983 1774 2075 pronuntiatis.
2044 2055 2060 2078 ,

1269 2081 1398 2170 Vides,
1433 2107 1525 2179 quae
1556 2086 1669 2156 sit-in
1696 2087 1938 2179 pugnantibus
1971 2113 2160 2182 argumen-

1166 2183 1269 2255 tandi
1291 2187 1425 2278 ligura,
1450 2187 1512 2258 ubi
1533 2188 1744 2279 simpliciter
1768 2190 1882 2259 altero
1909 2193 2097 2286 proposito
2125 2205 2161 2262 et

1167 2287 1376 2374 adfirmata,
1404 2291 1555 2360 alterum
1581 2291 1720 2362 tollitur
1739 2303 1959 2384 etnegatur‚
1989 2296 2160 2390 quodar-

1166 2391 1400 2483 gumentandi
1422 2417 1533 2484 genus
1560 2395 1706 2486 proprie
1735 2407 1910 2466 vocarunt
1933 2410 2069 2469 veteres
2096 2421 2161 2467 en·-

1166 2489 1361 2587 thymema.
1412 2495 1487 2566 Nos
1509 2519 1595 2565 vero
1618 2496 1877 2588 Peripateticos
1900 2501 2008 2570 secuti
2034 2494 2161 2594 enthy-

1168 2593 1330 2668 mematis
1350 2597 1524 2668 vocabulo
1541 2596 1685 2670 liberius
1702 2599 1757 2672 usi
1771 2625 1904 2672 sumus.
1973 2633 1977 2638 ’

1237 2698 1244 2714 ‘
1270 2697 1349 2770 Huc
1376 2699 1561 2792 pertinent
1591 2714 1627 2771 et
1655 2701 1900 2784 differentiae,
1937 2717 1973 2775 et
1994 2703 2157 2775 diversae

1166 2799 1321 2893 species,
1346 2799 1527 2897 inquibus
1542 2811 1682 2876 necesse
1699 2818 1771 2889 est,
1791 2817 1851 2892 ut,
1874 2807 2051 2878 affirmata
2073 2829 2161 2892 una,

1167 2901 1326 2998 reliquae
1349 2905 1542 2992 tollantur,
1575 2917 1633 2990 ut,
1670 2895 1820 2979 loaories
1845 2904 1956 2980 horno
1980 2923 2052 2995 est,
2084 2931 2160 2979 non

1168 3019 1221 3078 cst
1248 3006 1358 3099 igitur
1379 3009 1538 3081 brutum.
1593 3009 1660 3080 'Si'c
1688 3011 1732 3081 de
1761 3011 1892 3083 caussis
1923 3035 2066 3096 rerum,
2090 3009 2161 3083 ubi

1168 3109 1306 3180 alienae
1321 3132 1464 3183 caussae
1481 3112 1676 3199 tolluntur,
1702 3113 1784 3184 licet
1799 3115 2055 3206 argumentari.
2090 3112 2161 3185 Or-

122 3233 293 3318 gurnenta
315 3222 506 3291 ducuntur.
558 3213 605 3286 Et
624 3215 662 3286 in
684 3211 933 3304 amplificanda
950 3213 1116 3282 oratione
1167 3225 1224 3284 tus
1241 3212 1327 3284 solis
1340 3223 1392 3284 est
1405 3213 1476 3283 diei
1493 3239 1634 3301 caussa,
1660 3240 1735 3286 non
1753 3215 1861 3308 igitur
1875 3231 1974 3289 ortus
1992 3219 2110 3288 lunae.

123 3325 181 3397 vix
205 3323 271 3397 ulli
294 3323 375 3395 luco
400 3323 480 3416 plns
505 3317 693 3400 tribuitur,
728 3339 835 3408 quam
861 3313 1116 3407 pugnantibus,
1139 3301 1144 3408 l

1440 3427 1457 3462 s
1578 3383 1748 3456 Simile.

123 3430 297 3502 nimirum
328 3427 447 3522 quod,
487 3437 527 3495 ut
562 3421 667 3512 vulgo
703 3417 854 3500 dicitur,
889 3417 1011 3487 lumen
1036 3409 1144 3516 ora-l
1807 3509 1810 3520 ¹

123 3533 237 3620 tioni,
268 3544 323 3616 et,
356 3543 397 3601 ut
420 3525 547 3601 Graeci
573 3524 716 3606 dicunt,
749 3519 962 3614 enargeian,
994 3519 1116 3606 idest,
1139 3553 1144 3650 q
1271 3517 1449 3589 Similinm
1466 3520 1643 3590 rationem
1661 3520 1842 3616 attigimus
1857 3522 2041 3616 superiore
2055 3523 2162 3612 libro,

123 3615 430 3733 perspicuitatem,
456 3656 518 3703 seu
534 3625 749 3699 evidentiam
766 3621 986 3713 afferunttt).
1024 3623 1116 3717 Quis
1141 3653 1144 3711 ι
1167 3621 1229 3693 ubi
1250 3623 1294 3691 de
1315 3622 1486 3715 exemplis
1515 3634 1632 3694 actum
1656 3638 1719 3696 est.
1778 3625 1824 3696 Et
1848 3650 1891 3696 ex
1916 3625 2161 3700 similitudinis

124 3743 222 3814 enim
246 3762 323 3810 non
338 3735 467 3808 clarius
482 3730 656 3826 percipiat
671 3727 756 3800 belli
769 3727 885 3812 mala,
911 3726 1036 3799 sicum
1053 3751 1116 3819 pa·
1138 3720 1143 3780 i
1167 3726 1247 3795 loco
1263 3738 1460 3796 nascuntur
1475 3727 1543 3796 loci
1558 3727 1668 3820 paris,
1691 3728 1853 3815 maioris,
1877 3752 1917 3799 ac
1934 3729 2098 3814 minoris,
2119 3743 2160 3802 ut

124 3845 172 3920 cis
190 3840 391 3916 commodis
407 3829 663 3910 conferantur?
1140 3835 1144 3878 ¹
1168 3825 1412 3924 Quintilianus
1432 3826 1578 3902 indicat.

226 3945 382 4018 formae
406 3939 643 4036 pugnantium
671 3950 827 4032 quatuor
857 3935 963 4027 vulgo
986 3957 1117 4007 nurne-
1270 3929 1303 4002 A
1329 3931 1486 4017 maiore,
1520 3933 1559 4003 si
1581 3933 1783 4006 adulterum
1810 3930 1971 4006 occidere
1997 3935 2099 4020 licet,
2125 3947 2162 4033 et

124 4063 266 4124 rantur.
317 4046 586 4130 Relativorum,
612 4055 672 4125 ut,
699 4037 980 4134 paterettilius,
1004 4037 1118 4130 aqui·
1168 4035 1346 4104 latronem
1365 4034 1451 4107 luris
1467 4038 1614 4106 caedere
1629 4037 1760 4110 licebit.
1801 4035 1855 4106 Ex
1871 4037 2025 4123 minore,
2051 4037 2090 4110 Si
2105 4037 2160 4110 su·

123 4155 191 4228 bus
206 4147 365 4224 trahitur
378 4159 629 4243 argumentum
647 4145 684 4213 in
702 4141 797 4214 hunc
820 4141 987 4211 modum:
1023 4139 1118 4212 Con·
1169 4160 1245 4208 rem
1269 4150 1486 4208 nocturnum
1509 4139 1670 4210 occidere
1698 4141 1800 4223 licet,
1841 4139 1928 4234 quid
1955 4139 2161 4211 latronem?

123 4255 304 4330 stantinus
319 4252 521 4326 Constantii
535 4262 639 4342 pater
653 4259 718 4330 est,
743 4244 837 4315 lilius
854 4267 939 4336 ergo
956 4265 1117 4314 essenon
1168 4239 1223 4310 Ex
1247 4238 1382 4310 maiore
1403 4242 1568 4334 negative
1589 4242 1708 4314 minus
1722 4241 1923 4334 colligitur,
1948 4255 2008 4327 ut,
2035 4240 2162 4313 Cicero

124 4371 257 4454 potest.
296 4355 343 4432 Et
359 4379 515 4438 rursum,
538 4345 767 4424 Constantius
783 4345 1011 4419 Constantini
1026 4347 1118 4419 filius
1169 4367 1245 4414 non
1265 4345 1509 4436 persuasisset,
1534 4345 1648 4414 multo
1670 4343 1790 4416 minus
1812 4345 2029 4437 persuaserit
2044 4369 2162 4438 gram·

125 4477 199 4548 est,
227 4472 330 4554 pater
353 4482 437 4551 ergo
461 4479 534 4530 esse
558 4452 694 4548 nequit.
745 4447 993 4519 Relativorum
1015 4463 1118 4520 natu·
1169 4443 1321 4518 malicus
1347 4445 1487 4542 aliquis.
1539 4443 1595 4515 Ex
1615 4447 1756 4517 minore
1779 4447 1957 4540 colligitur
1981 4447 2163 4526 rnaiusal·

124 4591 205 4637 ram
223 4577 330 4658 atque
345 4561 523 4632 rationem
536 4572 634 4650 petes
651 4579 670 4625 e
686 4551 996 4647 praedicamentis.
1170 4549 1359 4631 firmative,
1384 4561 1437 4632 ut,
1463 4547 1530 4618 llic
1544 4549 1797 4642 grammaticus
1813 4551 2000 4641 persuasit,
2025 4563 2162 4646 quanto

231 4663 527 4747 Contrariorum,
567 4683 658 4754 quae
699 4667 898 4750 pugnantes
930 4654 1119 4747 qualitates
1170 4651 1309 4722 facilius
1326 4652 1559 4743 persuasisset
1575 4651 1722 4724 Cicero?

124 4783 234 4854 sunt,
263 4781 321 4852 ut,
355 4766 533 4850 calidum,
564 4762 754 4855 trigidum,
788 4758 929 4842 album,
962 4757 1119 4851 nigrum.
1271 4751 1326 4822 Ex
1340 4753 1433 4844 pari,
1460 4753 1563 4848 Quae
1576 4778 1693 4847 poena
1711 4757 1881 4827 adversus
1896 4754 2161 4826 interfectorem

125 4870 315 4966 inquibus
335 4861 751 4961 recteargumentaberis
770 4855 839 4932 hoc
860 4861 988 4932 modo:
1015 4859 1118 4954 Aqua
1171 4853 1283 4947 patris
1313 4853 1404 4926 iusta
1436 4869 1505 4940 est,
1540 4859 1666 4927 eadem
1697 4861 1865 4930 adversus
1896 4857 2161 4928 interfectorem

125 4977 244 5047 calida
263 4987 338 5058 est,
362 4972 491 5065 frigida
509 4969 619 5063 igitur
632 4991 706 5038 esse
721 4988 795 5036 non
812 4973 941 5057 potest.
1171 4957 1297 5028 mattis
1322 4957 1436 5027 videri
1459 4958 1549 5030 iusta
1571 4961 1688 5030 debet·

235 5076 505 5158 Privationum,
529 5095 620 5166 quae
637 5093 716 5138 cum
732 5067 858 5138 formis
871 5077 1033 5158 pugnant
1049 5061 1120 5162 (se-
1275 5059 1390 5152 Supra
1433 5063 1707 5146 admonuimus,
1751 5063 1795 5132 ad
1835 5060 1966 5133 similia
2001 5061 2163 5154 exempla

127 5205 224 5276 quor
255 5179 415 5248 enim-et
438 5174 494 5248 hic
519 5173 613 5264 vulgi
641 5173 796 5266 morem)
819 5182 877 5252 ut,
911 5165 1061 5239 caecitas
1085 5179 1121 5236 et
1171 5163 1376 5234 referendas
1410 5187 1483 5235 csse
1518 5163 1729 5260 parabolas,
1769 5163 1924 5238 morales
1957 5165 2165 5250 sententias,

1173 5261 1496 5358 apophthegmata,
1530 5263 1599 5337 hoc
1620 5279 1692 5352 est,
1720 5266 1805 5338 scite
1829 5267 1943 5372 dicta,
1978 5268 2164 5362 apologos,

1172 5367 1331 5452 tabulas,
1364 5380 1399 5438 et
1421 5368 1597 5466 quidquid
1617 5365 1674 5441 his
1696 5370 1886 5462 cognatulh
1908 5382 1980 5456 est,
2007 5393 2164 5465 quorum

1173 5469 1350 5540 rationem
1369 5467 1530 5546 rhetores
1547 5473 1806 5565 praescribunt.
1857 5471 1905 5544 Et
1919 5474 1964 5544 de
1980 5471 2066 5545 locis
2086 5470 2165 5566 qui·

126 5337 337 5356 m*-

161 5431 216 5500 98)
234 5429 411 5494 anctorum]
429 5427 479 5480 Ed.
490 5427 517 5480 2.
535 5427 596 5490 typ.
612 5433 725 5475 errore:
748 5417 913 5483 eluctantes,

161 5517 215 5584 9⁹)
234 5521 334 5572 annot.
352 5527 457 5582 marga
480 5509 630 5566 contr-arta
645 5505 804 5560 tttuctdent.
