<?xml version="1.0" encoding="UTF-8"?>
<!DOCTYPE html PUBLIC "-//W3C//DTD XHTML 1.0 Transitional//EN"
    "http://www.w3.org/TR/xhtml1/DTD/xhtml1-transitional.dtd">
<html xmlns="http://www.w3.org/1999/xhtml" xml:lang="en" lang="en">
 <head>
  <title>
</title>
<meta http-equiv="Content-Type" content="text/html;charset=utf-8" />
  <meta name='ocr-system' content='tesseract 3.04.00' />
  <meta name='ocr-capabilities' content='ocr_page ocr_carea ocr_par ocr_line ocrx_word'/>
</head>
<body>
  <div class='ocr_page' id='page_1' title='image "./philippimelanth11bindgoog_0255.png"; bbox 0 0 4910 5964; ppageno 0'>
   <div class='ocr_carea' id='block_1_1' title="bbox 303 247 2347 369">
    <p class='ocr_par' dir='ltr' id='par_1_1' title="bbox 303 247 2347 386">
     <span class='ocr_line' id='line_1_1' title="bbox 303 247 2347 369; baseline -0.007 -1"><span class='ocrx_word' id='word_1_1' title='bbox 303 293 380 369; x_wconf 80' lang='lat' dir='ltr'><strong>roa</strong></span> <span class='ocrx_word' id='word_1_2' title='bbox 924 282 1729 363; x_wconf 71' lang='lat' dir='ltr'><strong>antu-uuuscrrrmfflsromca.</strong></span> <span class='ocrx_word' id='word_1_3' title='bbox 1841 294 1974 340; x_wconf 35' lang='lat' dir='ltr'><strong>n:</strong></span> <span class='ocrx_word' id='word_1_4' title='bbox 2033 265 2085 336; x_wconf 80' lang='lat'><strong>..::</strong></span> <span class='ocrx_word' id='word_1_5' title='bbox 2248 247 2347 353; x_wconf 77' lang='lat' dir='ltr'><strong>&#39;aaa</strong></span> 
     </span>
    </p>
   </div>
   <div class='ocr_carea' id='block_1_2' title="bbox 214 433 2359 3130">
    <p class='ocr_par' dir='ltr' id='par_1_2' title="bbox 214 433 2359 3130">
     <span class='ocr_line' id='line_1_2' title="bbox 302 433 2345 561; baseline -0.007 -24"><span class='ocrx_word' id='word_1_6' title='bbox 302 465 438 561; x_wconf 88' lang='lat' dir='ltr'><strong>piendi.</strong></span> <span class='ocrx_word' id='word_1_7' title='bbox 501 463 626 558; x_wconf 82' lang='lat' dir='ltr'><strong>Quare</strong></span> <span class='ocrx_word' id='word_1_8' title='bbox 651 487 727 534; x_wconf 89' lang='lat' dir='ltr'><strong>uon</strong></span> <span class='ocrx_word' id='word_1_9' title='bbox 754 453 931 534; x_wconf 82' lang='lat' dir='ltr'><strong>dubitare</strong></span> <span class='ocrx_word' id='word_1_10' title='bbox 947 482 985 538; x_wconf 86' lang='lat' dir='ltr'><strong>se</strong></span> <span class='ocrx_word' id='word_1_11' title='bbox 1010 461 1174 545; x_wconf 84' lang='lat' dir='ltr'><strong>aiebant,</strong></span> <span class='ocrx_word' id='word_1_12' title='bbox 1192 456 1309 556; x_wconf 74' lang='lat' dir='ltr'><strong>quini</strong></span> <span class='ocrx_word' id='word_1_13' title='bbox 1350 471 1388 530; x_wconf 87' lang='lat' dir='ltr'><strong>et</strong></span> <span class='ocrx_word' id='word_1_14' title='bbox 1404 462 1525 532; x_wconf 76' lang='lat' dir='ltr'><strong>fertura</strong></span> <span class='ocrx_word' id='word_1_15' title='bbox 1548 459 1697 531; x_wconf 82' lang='lat' dir='ltr'><strong>exitiosa</strong></span> <span class='ocrx_word' id='word_1_16' title='bbox 1717 456 1863 552; x_wconf 60' lang='lat' dir='ltr'><strong>utrique</strong></span> <span class='ocrx_word' id='word_1_17' title='bbox 1881 453 2036 526; x_wconf 68' lang='lat' dir='ltr'><strong>nunonis</strong></span> <span class='ocrx_word' id='word_1_18' title='bbox 2086 433 2161 524; x_wconf 73' lang='lat' dir='ltr'><strong>Nec</strong></span> <span class='ocrx_word' id='word_1_19' title='bbox 2177 448 2345 546; x_wconf 73' lang='lat' dir='ltr'><strong>impliciti</strong></span> 
     </span>
     <span class='ocr_line' id='line_1_3' title="bbox 302 551 2346 660; baseline -0.006 -20"><span class='ocrx_word' id='word_1_20' title='bbox 302 567 458 640; x_wconf 82' lang='lat' dir='ltr'><strong>Helvetii</strong></span> <span class='ocrx_word' id='word_1_21' title='bbox 479 561 590 638; x_wconf 80' lang='lat' dir='ltr'><strong>huius</strong></span> <span class='ocrx_word' id='word_1_22' title='bbox 605 565 761 638; x_wconf 87' lang='lat' dir='ltr'><strong>militiae</strong></span> <span class='ocrx_word' id='word_1_23' title='bbox 782 557 890 638; x_wconf 81' lang='lat' dir='ltr'><strong>decus</strong></span> <span class='ocrx_word' id='word_1_24' title='bbox 909 565 1065 637; x_wconf 77' lang='lat' dir='ltr'><strong>manime</strong></span> <span class='ocrx_word' id='word_1_25' title='bbox 1081 577 1297 657; x_wconf 67' lang='lat' dir='ltr'><strong>expeterent.</strong></span> <span class='ocrx_word' id='word_1_26' title='bbox 1350 563 1448 634; x_wconf 86' lang='lat' dir='ltr'><strong>Galli</strong></span> <span class='ocrx_word' id='word_1_27' title='bbox 1462 562 1688 660; x_wconf 84' lang='lat' dir='ltr'><strong>Germanicis</strong></span> <span class='ocrx_word' id='word_1_28' title='bbox 1710 551 2199 645; x_wconf 53' lang='lat' dir='ltr'><strong>tenta-ltrttamdelennrt</strong></span> <span class='ocrx_word' id='word_1_29' title='bbox 2212 567 2346 655; x_wconf 29' lang='lat' dir='ltr'><strong>&#39;emerat</strong></span> 
     </span>
     <span class='ocr_line' id='line_1_4' title="bbox 304 647 2347 759; baseline -0.008 -15"><span class='ocrx_word' id='word_1_30' title='bbox 304 671 396 744; x_wconf 91' lang='lat' dir='ltr'><strong>Cum</strong></span> <span class='ocrx_word' id='word_1_31' title='bbox 423 682 541 741; x_wconf 88' lang='lat' dir='ltr'><strong>aulem</strong></span> <span class='ocrx_word' id='word_1_32' title='bbox 568 670 694 739; x_wconf 86' lang='lat' dir='ltr'><strong>electio</strong></span> <span class='ocrx_word' id='word_1_33' title='bbox 717 669 779 740; x_wconf 81' lang='lat' dir='ltr'><strong>illa</strong></span> <span class='ocrx_word' id='word_1_34' title='bbox 803 665 862 741; x_wconf 80' lang='lat' dir='ltr'><strong>lais</strong></span> <span class='ocrx_word' id='word_1_35' title='bbox 878 667 1120 747; x_wconf 81' lang='lat' dir='ltr'><strong>tantisrebus·</strong></span> <span class='ocrx_word' id='word_1_36' title='bbox 1134 659 1314 759; x_wconf 57' lang='lat' dir='ltr'><strong>gamadim</strong></span> <span class='ocrx_word' id='word_1_37' title='bbox 1351 679 1414 737; x_wconf 90' lang='lat' dir='ltr'><strong>aut</strong></span> <span class='ocrx_word' id='word_1_38' title='bbox 1427 667 1516 739; x_wconf 87' lang='lat' dir='ltr'><strong>alias</strong></span> <span class='ocrx_word' id='word_1_39' title='bbox 1528 691 1589 738; x_wconf 85' lang='lat' dir='ltr'><strong>res</strong></span> <span class='ocrx_word' id='word_1_40' title='bbox 1599 667 1704 738; x_wconf 85' lang='lat' dir='ltr'><strong>utiles</strong></span> <span class='ocrx_word' id='word_1_41' title='bbox 1717 663 1860 734; x_wconf 84' lang='lat' dir='ltr'><strong>nomini</strong></span> <span class='ocrx_word' id='word_1_42' title='bbox 1876 647 2082 734; x_wconf 78' lang='lat' dir='ltr'><strong>Christiano</strong></span> <span class='ocrx_word' id='word_1_43' title='bbox 2097 658 2245 732; x_wconf 83' lang='lat' dir='ltr'><strong>moturi.</strong></span> <span class='ocrx_word' id='word_1_44' title='bbox 2287 657 2347 728; x_wconf 81' lang='lat' dir='ltr'><strong>Ad</strong></span> 
     </span>
     <span class='ocr_line' id='line_1_5' title="bbox 305 759 2349 870; baseline -0.006 -26"><span class='ocrx_word' id='word_1_45' title='bbox 305 773 611 870; x_wconf 66' lang='lat' dir='ltr'><strong>opportunitatem</strong></span> <span class='ocrx_word' id='word_1_46' title='bbox 638 773 791 846; x_wconf 85' lang='lat' dir='ltr'><strong>allatura</strong></span> <span class='ocrx_word' id='word_1_47' title='bbox 816 785 926 856; x_wconf 82' lang='lat' dir='ltr'><strong>essct,</strong></span> <span class='ocrx_word' id='word_1_48' title='bbox 966 773 1096 842; x_wconf 87' lang='lat' dir='ltr'><strong>debere</strong></span> <span class='ocrx_word' id='word_1_49' title='bbox 1112 769 1144 865; x_wconf 94' lang='lat'><strong>¹)</strong></span> <span class='ocrx_word' id='word_1_50' title='bbox 1170 766 1299 840; x_wconf 82' lang='lat' dir='ltr'><strong>Helve-</strong></span> <span class='ocrx_word' id='word_1_51' title='bbox 1351 766 1415 842; x_wconf 87' lang='lat' dir='ltr'><strong>has</strong></span> <span class='ocrx_word' id='word_1_52' title='bbox 1432 768 1556 842; x_wconf 88' lang='lat' dir='ltr'><strong>literas</strong></span> <span class='ocrx_word' id='word_1_53' title='bbox 1569 759 1758 839; x_wconf 80' lang='lat' dir='ltr'><strong>Romanus</strong></span> <span class='ocrx_word' id='word_1_54' title='bbox 1773 765 1934 870; x_wconf 78' lang='lat' dir='ltr'><strong>pontifex</strong></span> <span class='ocrx_word' id='word_1_55' title='bbox 1954 764 2194 856; x_wconf 75' lang='lat' dir='ltr'><strong>respondens,</strong></span> <span class='ocrx_word' id='word_1_56' title='bbox 2219 773 2349 835; x_wconf 74' lang='lat' dir='ltr'><strong>ramat</strong></span> 
     </span>
     <span class='ocr_line' id='line_1_6' title="bbox 304 859 2347 975; baseline -0.008 -26"><span class='ocrx_word' id='word_1_57' title='bbox 304 877 375 950; x_wconf 84' lang='lat' dir='ltr'><strong>ties</strong></span> <span class='ocrx_word' id='word_1_58' title='bbox 396 899 542 973; x_wconf 90' lang='lat' dir='ltr'><strong>quoque</strong></span> <span class='ocrx_word' id='word_1_59' title='bbox 564 875 639 947; x_wconf 80' lang='lat' dir='ltr'><strong>suis</strong></span> <span class='ocrx_word' id='word_1_60' title='bbox 659 873 806 959; x_wconf 86' lang='lat' dir='ltr'><strong>studiis,</strong></span> <span class='ocrx_word' id='word_1_61' title='bbox 827 896 873 946; x_wconf 86' lang='lat' dir='ltr'><strong>ac</strong></span> <span class='ocrx_word' id='word_1_62' title='bbox 895 873 1153 967; x_wconf 80' lang='lat' dir='ltr'><strong>significatione</strong></span> <span class='ocrx_word' id='word_1_63' title='bbox 1168 876 1304 945; x_wconf 83' lang='lat' dir='ltr'><strong>volun·¹</strong></span> <span class='ocrx_word' id='word_1_64' title='bbox 1351 874 1390 943; x_wconf 88' lang='lat' dir='ltr'><strong>in</strong></span> <span class='ocrx_word' id='word_1_65' title='bbox 1417 873 1640 957; x_wconf 79' lang='lat' dir='ltr'><strong>foederibus,</strong></span> <span class='ocrx_word' id='word_1_66' title='bbox 1677 895 1769 975; x_wconf 88' lang='lat' dir='ltr'><strong>quae</strong></span> <span class='ocrx_word' id='word_1_67' title='bbox 1791 859 1958 941; x_wconf 80' lang='lat' dir='ltr'><strong>Romana</strong></span> <span class='ocrx_word' id='word_1_68' title='bbox 1989 867 2089 940; x_wconf 87' lang='lat' dir='ltr'><strong>sedes</strong></span> <span class='ocrx_word' id='word_1_69' title='bbox 2109 862 2243 936; x_wconf 87' lang='lat' dir='ltr'><strong>babeat</strong></span> <span class='ocrx_word' id='word_1_70' title='bbox 2264 889 2347 936; x_wconf 87' lang='lat' dir='ltr'><strong>curo</strong></span> 
     </span>
     <span class='ocr_line' id='line_1_7' title="bbox 214 965 2350 1070; baseline -0.008 -16"><span class='ocrx_word' id='word_1_71' title='bbox 214 1045 219 1055; x_wconf 89' lang='lat'>.</span> <span class='ocrx_word' id='word_1_72' title='bbox 304 981 484 1052; x_wconf 86' lang='lat' dir='ltr'><strong>tatiscam</strong></span> <span class='ocrx_word' id='word_1_73' title='bbox 500 979 684 1050; x_wconf 85' lang='lat' dir='ltr'><strong>adiuvare.</strong></span> <span class='ocrx_word' id='word_1_74' title='bbox 719 965 1206 1070; x_wconf 52' lang='lat' dir='ltr'><strong>Postremotpollieebautun</strong></span> <span class='ocrx_word' id='word_1_75' title='bbox 1229 975 1301 1046; x_wconf 86' lang='lat' dir='ltr'><strong>Re-</strong></span> <span class='ocrx_word' id='word_1_76' title='bbox 1352 976 1510 1068; x_wconf 86' lang='lat' dir='ltr'><strong>Regibus</strong></span> <span class='ocrx_word' id='word_1_77' title='bbox 1523 973 1784 1067; x_wconf 86' lang='lat' dir='ltr'><strong>Neapolitanis,</strong></span> <span class='ocrx_word' id='word_1_78' title='bbox 1807 985 1951 1044; x_wconf 87' lang='lat' dir='ltr'><strong>cautum</strong></span> <span class='ocrx_word' id='word_1_79' title='bbox 1969 991 2057 1053; x_wconf 88' lang='lat' dir='ltr'><strong>esse,</strong></span> <span class='ocrx_word' id='word_1_80' title='bbox 2082 968 2223 1064; x_wconf 86' lang='lat' dir='ltr'><strong>nequis</strong></span> <span class='ocrx_word' id='word_1_81' title='bbox 2239 968 2350 1039; x_wconf 87' lang='lat' dir='ltr'><strong>simul</strong></span> 
     </span>
     <span class='ocr_line' id='line_1_8' title="bbox 305 1066 2350 1178; baseline -0.008 -24"><span class='ocrx_word' id='word_1_82' title='bbox 305 1107 405 1178; x_wconf 88' lang='lat' dir='ltr'><strong>gem,</strong></span> <span class='ocrx_word' id='word_1_83' title='bbox 434 1082 464 1154; x_wconf 89' lang='lat' dir='ltr'><strong>si</strong></span> <span class='ocrx_word' id='word_1_84' title='bbox 487 1083 695 1174; x_wconf 83' lang='lat' dir='ltr'><strong>eligeretur,</strong></span> <span class='ocrx_word' id='word_1_85' title='bbox 728 1081 842 1173; x_wconf 81' lang='lat' dir='ltr'><strong>gentis</strong></span> <span class='ocrx_word' id='word_1_86' title='bbox 868 1081 1072 1151; x_wconf 81' lang='lat' dir='ltr'><strong>Helveticae</strong></span> <span class='ocrx_word' id='word_1_87' title='bbox 1096 1079 1300 1152; x_wconf 83' lang='lat' dir='ltr'><strong>libertatem</strong></span> <span class='ocrx_word' id='word_1_88' title='bbox 1352 1077 1561 1149; x_wconf 84' lang='lat' dir='ltr'><strong>Romanum</strong></span> <span class='ocrx_word' id='word_1_89' title='bbox 1592 1076 1787 1170; x_wconf 81' lang='lat' dir='ltr'><strong>imperium</strong></span> <span class='ocrx_word' id='word_1_90' title='bbox 1810 1066 1957 1145; x_wconf 78' lang='lat' dir='ltr'><strong>·teneat.³</strong></span> <span class='ocrx_word' id='word_1_91' title='bbox 2015 1072 2106 1144; x_wconf 82' lang='lat' dir='ltr'><strong>Cum</strong></span> <span class='ocrx_word' id='word_1_92' title='bbox 2132 1083 2251 1141; x_wconf 88' lang='lat' dir='ltr'><strong>autern</strong></span> <span class='ocrx_word' id='word_1_93' title='bbox 2279 1069 2350 1142; x_wconf 85' lang='lat' dir='ltr'><strong>sibi</strong></span> 
     </span>
     <span class='ocr_line' id='line_1_9' title="bbox 305 1161 2349 1276; baseline -0.007 -19"><span class='ocrx_word' id='word_1_94' title='bbox 305 1188 404 1259; x_wconf 92' lang='lat' dir='ltr'><strong>nulla</strong></span> <span class='ocrx_word' id='word_1_95' title='bbox 429 1186 469 1254; x_wconf 91' lang='lat' dir='ltr'><strong>in</strong></span> <span class='ocrx_word' id='word_1_96' title='bbox 491 1210 533 1256; x_wconf 91' lang='lat' dir='ltr'><strong>re</strong></span> <span class='ocrx_word' id='word_1_97' title='bbox 555 1161 815 1255; x_wconf 69' lang='lat' dir='ltr'><strong>labelicturum</strong></span> <span class='ocrx_word' id='word_1_98' title='bbox 834 1209 928 1268; x_wconf 88' lang='lat' dir='ltr'><strong>esse,</strong></span> <span class='ocrx_word' id='word_1_99' title='bbox 953 1183 1016 1255; x_wconf 88' lang='lat' dir='ltr'><strong>sed</strong></span> <span class='ocrx_word' id='word_1_100' title='bbox 1033 1183 1155 1276; x_wconf 91' lang='lat' dir='ltr'><strong>potius</strong></span> <span class='ocrx_word' id='word_1_101' title='bbox 1171 1185 1302 1252; x_wconf 84' lang='lat' dir='ltr'><strong>confir-</strong></span> <span class='ocrx_word' id='word_1_102' title='bbox 1351 1182 1541 1252; x_wconf 86' lang='lat' dir='ltr'><strong>Romanae</strong></span> <span class='ocrx_word' id='word_1_103' title='bbox 1562 1182 1655 1253; x_wconf 83' lang='lat' dir='ltr'><strong>sedis</strong></span> <span class='ocrx_word' id='word_1_104' title='bbox 1675 1177 1861 1272; x_wconf 86' lang='lat' dir='ltr'><strong>privilegia</strong></span> <span class='ocrx_word' id='word_1_105' title='bbox 1880 1175 2047 1268; x_wconf 79' lang='lat' dir='ltr'><strong>religiose</strong></span> <span class='ocrx_word' id='word_1_106' title='bbox 2067 1187 2102 1245; x_wconf 89' lang='lat' dir='ltr'><strong>et</strong></span> <span class='ocrx_word' id='word_1_107' title='bbox 2117 1196 2258 1244; x_wconf 86' lang='lat' dir='ltr'><strong>summa</strong></span> <span class='ocrx_word' id='word_1_108' title='bbox 2279 1167 2349 1266; x_wconf 88' lang='lat' dir='ltr'><strong>ope</strong></span> 
     </span>
     <span class='ocr_line' id='line_1_10' title="bbox 304 1274 2351 1374; baseline -0.007 -14"><span class='ocrx_word' id='word_1_109' title='bbox 304 1303 511 1374; x_wconf 89' lang='lat' dir='ltr'><strong>maturum,</strong></span> <span class='ocrx_word' id='word_1_110' title='bbox 545 1301 582 1358; x_wconf 89' lang='lat' dir='ltr'><strong>et</strong></span> <span class='ocrx_word' id='word_1_111' title='bbox 596 1288 710 1360; x_wconf 86' lang='lat' dir='ltr'><strong>multa</strong></span> <span class='ocrx_word' id='word_1_112' title='bbox 728 1288 934 1360; x_wconf 80' lang='lat' dir='ltr'><strong>additurum</strong></span> <span class='ocrx_word' id='word_1_113' title='bbox 953 1289 1232 1357; x_wconf 75' lang='lat' dir='ltr'><strong>essecommoda</strong></span> <span class='ocrx_word' id='word_1_114' title='bbox 1250 1298 1310 1356; x_wconf 82' lang='lat' dir='ltr'><strong>dt·¹</strong></span> <span class='ocrx_word' id='word_1_115' title='bbox 1353 1287 1487 1356; x_wconf 88' lang='lat' dir='ltr'><strong>tuenda</strong></span> <span class='ocrx_word' id='word_1_116' title='bbox 1504 1285 1595 1368; x_wconf 88' lang='lat' dir='ltr'><strong>sint,</strong></span> <span class='ocrx_word' id='word_1_117' title='bbox 1615 1301 1669 1358; x_wconf 65' lang='lat' dir='ltr'><strong>‘ea‘</strong></span> <span class='ocrx_word' id='word_1_118' title='bbox 1680 1286 1725 1353; x_wconf 90' lang='lat' dir='ltr'><strong>de</strong></span> <span class='ocrx_word' id='word_1_119' title='bbox 1742 1275 1780 1352; x_wconf 74' lang='lat' dir='ltr'><strong>r&#39;e</strong></span> <span class='ocrx_word' id='word_1_120' title='bbox 1791 1281 1969 1351; x_wconf 85' lang='lat' dir='ltr'><strong>certiores·</strong></span> <span class='ocrx_word' id='word_1_121' title='bbox 1986 1279 2100 1356; x_wconf 83' lang='lat' dir='ltr'><strong>laotos</strong></span> <span class='ocrx_word' id='word_1_122' title='bbox 2115 1299 2191 1348; x_wconf 86' lang='lat' dir='ltr'><strong>esse</strong></span> <span class='ocrx_word' id='word_1_123' title='bbox 2206 1274 2351 1346; x_wconf 84' lang='lat' dir='ltr'><strong>Electo-</strong></span> 
     </span>
     <span class='ocr_line' id='line_1_11' title="bbox 307 1381 2352 1487; baseline -0.007 -25"><span class='ocrx_word' id='word_1_124' title='bbox 307 1413 376 1487; x_wconf 91' lang='lat' dir='ltr'><strong>que</strong></span> <span class='ocrx_word' id='word_1_125' title='bbox 399 1403 636 1476; x_wconf 89' lang='lat' dir='ltr'><strong>ornamenta,</strong></span> <span class='ocrx_word' id='word_1_126' title='bbox 667 1385 698 1462; x_wconf 82' lang='lat' dir='ltr'><strong>si</strong></span> <span class='ocrx_word' id='word_1_127' title='bbox 717 1381 985 1464; x_wconf 78' lang='lat' dir='ltr'><strong>Helveticorurn</strong></span> <span class='ocrx_word' id='word_1_128' title='bbox 999 1390 1122 1460; x_wconf 74' lang='lat' dir='ltr'><strong>&#39;virttis</strong></span> <span class='ocrx_word' id='word_1_129' title='bbox 1146 1402 1181 1459; x_wconf 89' lang='lat' dir='ltr'><strong>et</strong></span> <span class='ocrx_word' id='word_1_130' title='bbox 1199 1388 1315 1459; x_wconf 66' lang='lat' dir='ltr'><strong>forti·</strong></span> <span class='ocrx_word' id='word_1_131' title='bbox 1352 1405 1427 1472; x_wconf 84' lang='lat' dir='ltr'><strong>res,</strong></span> <span class='ocrx_word' id='word_1_132' title='bbox 1462 1412 1508 1458; x_wconf 89' lang='lat' dir='ltr'><strong>ne</strong></span> <span class='ocrx_word' id='word_1_133' title='bbox 1530 1387 1620 1482; x_wconf 90' lang='lat' dir='ltr'><strong>quid</strong></span> <span class='ocrx_word' id='word_1_134' title='bbox 1633 1386 1745 1456; x_wconf 78' lang='lat' dir='ltr'><strong>aeret</strong></span> <span class='ocrx_word' id='word_1_135' title='bbox 1765 1381 1889 1456; x_wconf 73' lang='lat' dir='ltr'><strong>contra</strong></span> <span class='ocrx_word' id='word_1_136' title='bbox 1915 1384 2171 1453; x_wconf 86' lang='lat' dir='ltr'><strong>libertatem-et</strong></span> <span class='ocrx_word' id='word_1_137' title='bbox 2184 1401 2352 1450; x_wconf 86' lang='lat' dir='ltr'><strong>commo-</strong></span> 
     </span>
     <span class='ocr_line' id='line_1_12' title="bbox 304 1483 2351 1582; baseline -0.006 -18"><span class='ocrx_word' id='word_1_138' title='bbox 304 1497 395 1566; x_wconf 86' lang='lat' dir='ltr'><strong>tudo</strong></span> <span class='ocrx_word' id='word_1_139' title='bbox 413 1513 488 1566; x_wconf 88' lang='lat' dir='ltr'><strong>non</strong></span> <span class='ocrx_word' id='word_1_140' title='bbox 509 1493 797 1567; x_wconf 81' lang='lat' dir='ltr'><strong>essetcourmuni</strong></span> <span class='ocrx_word' id='word_1_141' title='bbox 813 1487 1302 1567; x_wconf 82' lang='lat' dir='ltr'><strong>salutinomiuisGhristiani</strong></span> <span class='ocrx_word' id='word_1_142' title='bbox 1354 1494 1440 1563; x_wconf 88' lang='lat' dir='ltr'><strong>dum</strong></span> <span class='ocrx_word' id='word_1_143' title='bbox 1458 1491 1647 1570; x_wconf 79' lang='lat' dir='ltr'><strong>Romanae</strong></span> <span class='ocrx_word' id='word_1_144' title='bbox 1671 1485 1785 1561; x_wconf 74' lang='lat' dir='ltr'><strong>sedi&#39;s‘.⁴</strong></span> <span class='ocrx_word' id='word_1_145' title='bbox 1828 1487 1938 1582; x_wconf 81' lang='lat' dir='ltr'><strong>Quod</strong></span> <span class='ocrx_word' id='word_1_146' title='bbox 1960 1483 2219 1557; x_wconf 83' lang='lat' dir='ltr'><strong>autem-alium</strong></span> <span class='ocrx_word' id='word_1_147' title='bbox 2235 1507 2351 1578; x_wconf 90' lang='lat' dir='ltr'><strong>queu-</strong></span> 
     </span>
     <span class='ocr_line' id='line_1_13' title="bbox 306 1585 2352 1688; baseline -0.006 -20"><span class='ocrx_word' id='word_1_148' title='bbox 306 1599 484 1670; x_wconf 82' lang='lat' dir='ltr'><strong>defutura.</strong></span> <span class='ocrx_word' id='word_1_149' title='bbox 676 1627 686 1643; x_wconf 80' lang='grc'><strong>··</strong></span> <span class='ocrx_word' id='word_1_150' title='bbox 946 1627 973 1658; x_wconf 91' lang='grc'><strong>.·</strong></span> <span class='ocrx_word' id='word_1_151' title='bbox 1175 1635 1179 1646; x_wconf 77' lang='lat'><strong>,</strong></span> <span class='ocrx_word' id='word_1_152' title='bbox 1312 1658 1316 1669; x_wconf 86' lang='grc'><strong><em>,</em></strong></span> <span class='ocrx_word' id='word_1_153' title='bbox 1353 1597 1437 1665; x_wconf 85' lang='lat' dir='ltr'><strong>dam</strong></span> <span class='ocrx_word' id='word_1_154' title='bbox 1461 1590 1661 1688; x_wconf 84' lang='lat' dir='ltr'><strong>principem</strong></span> <span class='ocrx_word' id='word_1_155' title='bbox 1681 1587 1907 1664; x_wconf 82' lang='lat' dir='ltr'><strong>evehendum</strong></span> <span class='ocrx_word' id='word_1_156' title='bbox 1923 1589 2061 1662; x_wconf 82' lang='lat' dir='ltr'><strong>etse-ad</strong></span> <span class='ocrx_word' id='word_1_157' title='bbox 2076 1586 2258 1679; x_wconf 80' lang='lat' dir='ltr'><strong>fastigium</strong></span> <span class='ocrx_word' id='word_1_158' title='bbox 2273 1585 2352 1655; x_wconf 86' lang='lat' dir='ltr'><strong>Ro·</strong></span> 
     </span>
     <span class='ocr_line' id='line_1_14' title="bbox 349 1685 2358 1794; baseline -0.005 -24"><span class='ocrx_word' id='word_1_159' title='bbox 349 1733 353 1746; x_wconf 90' lang='lat'>·</span> <span class='ocrx_word' id='word_1_160' title='bbox 410 1699 508 1774; x_wconf 83' lang='lat' dir='ltr'><strong>llaec</strong></span> <span class='ocrx_word' id='word_1_161' title='bbox 536 1722 616 1772; x_wconf 86' lang='lat' dir='ltr'><strong>enm</strong></span> <span class='ocrx_word' id='word_1_162' title='bbox 640 1697 770 1772; x_wconf 83' lang='lat' dir='ltr'><strong>Gallici</strong></span> <span class='ocrx_word' id='word_1_163' title='bbox 800 1699 912 1791; x_wconf 88' lang='lat' dir='ltr'><strong>legati</strong></span> <span class='ocrx_word' id='word_1_164' title='bbox 941 1709 1301 1794; x_wconf 57' lang='lat' dir='ltr'><strong>commemorassent}</strong></span> <span class='ocrx_word' id='word_1_165' title='bbox 1354 1691 1454 1768; x_wconf 86' lang='lat' dir='ltr'><strong>mani</strong></span> <span class='ocrx_word' id='word_1_166' title='bbox 1481 1694 1628 1789; x_wconf 88' lang='lat' dir='ltr'><strong>Imperii</strong></span> <span class='ocrx_word' id='word_1_167' title='bbox 1658 1693 1772 1787; x_wconf 84' lang='lat' dir='ltr'><strong>magis</strong></span> <span class='ocrx_word' id='word_1_168' title='bbox 1792 1685 1961 1792; x_wconf 74' lang='lat' dir='ltr'><strong>senserit,</strong></span> <span class='ocrx_word' id='word_1_169' title='bbox 1995 1694 2188 1762; x_wconf 85' lang='lat' dir='ltr'><strong>adductum</strong></span> <span class='ocrx_word' id='word_1_170' title='bbox 2212 1715 2250 1761; x_wconf 88' lang='lat' dir='ltr'><strong>se</strong></span> <span class='ocrx_word' id='word_1_171' title='bbox 2273 1713 2358 1760; x_wconf 89' lang='lat' dir='ltr'><strong>uou-</strong></span> 
     </span>
     <span class='ocr_line' id='line_1_15' title="bbox 306 1793 2351 1900; baseline -0.005 -27"><span class='ocrx_word' id='word_1_172' title='bbox 306 1825 531 1900; x_wconf 88' lang='lat' dir='ltr'><strong>quanquam-</strong></span> <span class='ocrx_word' id='word_1_173' title='bbox 548 1803 727 1895; x_wconf 75' lang='lat' dir='ltr'><strong>privatim·</strong></span> <span class='ocrx_word' id='word_1_174' title='bbox 752 1802 885 1873; x_wconf 76' lang='lat' dir='ltr'><strong>multos</strong></span> <span class='ocrx_word' id='word_1_175' title='bbox 912 1793 1053 1894; x_wconf 51' lang='lat' dir='ltr'><strong>‘ingenti</strong></span> <span class='ocrx_word' id='word_1_176' title='bbox 1079 1801 1238 1894; x_wconf 81' lang='lat' dir='ltr'><strong>pecunia</strong></span> <span class='ocrx_word' id='word_1_177' title='bbox 1267 1813 1303 1870; x_wconf 90' lang='lat' dir='ltr'><strong>et</strong></span> <span class='ocrx_word' id='word_1_178' title='bbox 1354 1799 1494 1894; x_wconf 89' lang='lat' dir='ltr'><strong>privata</strong></span> <span class='ocrx_word' id='word_1_179' title='bbox 1524 1799 1795 1881; x_wconf 74' lang='lat' dir='ltr'><strong>benevolentia,</strong></span> <span class='ocrx_word' id='word_1_180' title='bbox 1835 1799 1897 1868; x_wconf 89' lang='lat' dir='ltr'><strong>sed</strong></span> <span class='ocrx_word' id='word_1_181' title='bbox 1912 1807 2027 1866; x_wconf 84' lang='lat' dir='ltr'><strong>&#39;certo</strong></span> <span class='ocrx_word' id='word_1_182' title='bbox 2055 1793 2210 1878; x_wconf 86' lang='lat' dir='ltr'><strong>iudicio,</strong></span> <span class='ocrx_word' id='word_1_183' title='bbox 2249 1794 2351 1888; x_wconf 87' lang='lat' dir='ltr'><strong>quod</strong></span> 
     </span>
     <span class='ocr_line' id='line_1_16' title="bbox 306 1895 2352 1998; baseline -0.006 -22"><span class='ocrx_word' id='word_1_184' title='bbox 306 1907 412 1978; x_wconf 86' lang='lat' dir='ltr'><strong>novis</strong></span> <span class='ocrx_word' id='word_1_185' title='bbox 447 1905 699 1998; x_wconf 76' lang='lat' dir='ltr'><strong>largitionibus</strong></span> <span class='ocrx_word' id='word_1_186' title='bbox 734 1906 910 1998; x_wconf 85' lang='lat' dir='ltr'><strong>obligatos</strong></span> <span class='ocrx_word' id='word_1_187' title='bbox 943 1907 1133 1975; x_wconf 82' lang='lat' dir='ltr'><strong>tenebant:</strong></span> <span class='ocrx_word' id='word_1_188' title='bbox 1175 1917 1315 1980; x_wconf 83' lang='lat' dir='ltr'><strong>tamen·</strong></span> <span class='ocrx_word' id='word_1_189' title='bbox 1355 1902 1566 1996; x_wconf 86' lang='lat' dir='ltr'><strong>cognoverit</strong></span> <span class='ocrx_word' id='word_1_190' title='bbox 1587 1927 1669 1974; x_wconf 88' lang='lat' dir='ltr'><strong>eum</strong></span> <span class='ocrx_word' id='word_1_191' title='bbox 1689 1900 1874 1973; x_wconf 81' lang='lat' dir='ltr'><strong>excellenti</strong></span> <span class='ocrx_word' id='word_1_192' title='bbox 1897 1899 2064 1992; x_wconf 88' lang='lat' dir='ltr'><strong>ingenio,</strong></span> <span class='ocrx_word' id='word_1_193' title='bbox 2090 1895 2292 1981; x_wconf 86' lang='lat' dir='ltr'><strong>industria,</strong></span> <span class='ocrx_word' id='word_1_194' title='bbox 2318 1909 2352 1965; x_wconf 87' lang='lat' dir='ltr'><strong>et</strong></span> 
     </span>
     <span class='ocr_line' id='line_1_17' title="bbox 306 2004 2350 2100; baseline -0.005 -20"><span class='ocrx_word' id='word_1_195' title='bbox 306 2005 450 2080; x_wconf 84' lang='lat' dir='ltr'><strong>honesti</strong></span> <span class='ocrx_word' id='word_1_196' title='bbox 476 2005 547 2078; x_wconf 82' lang='lat' dir='ltr'><strong>riri</strong></span> <span class='ocrx_word' id='word_1_197' title='bbox 572 2008 700 2079; x_wconf 90' lang='lat' dir='ltr'><strong>delecti</strong></span> <span class='ocrx_word' id='word_1_198' title='bbox 725 2031 769 2079; x_wconf 79' lang='lat' dir='ltr'><strong>ex</strong></span> <span class='ocrx_word' id='word_1_199' title='bbox 797 2007 1021 2092; x_wconf 86' lang='lat' dir='ltr'><strong>civitatibus,</strong></span> <span class='ocrx_word' id='word_1_200' title='bbox 1062 2009 1222 2079; x_wconf 80' lang='lat' dir='ltr'><strong>modeste</strong></span> <span class='ocrx_word' id='word_1_201' title='bbox 1247 2029 1304 2076; x_wconf 91' lang='lat' dir='ltr'><strong>re·</strong></span> <span class='ocrx_word' id='word_1_202' title='bbox 1354 2006 1604 2100; x_wconf 77' lang='lat' dir='ltr'><strong>magnitudine</strong></span> <span class='ocrx_word' id='word_1_203' title='bbox 1620 2004 1731 2075; x_wconf 87' lang='lat' dir='ltr'><strong>animi</strong></span> <span class='ocrx_word' id='word_1_204' title='bbox 1749 2005 1952 2096; x_wconf 86' lang='lat' dir='ltr'><strong>praeditum</strong></span> <span class='ocrx_word' id='word_1_205' title='bbox 1963 2025 2061 2085; x_wconf 78' lang='lat' dir='ltr'><strong>esse,</strong></span> <span class='ocrx_word' id='word_1_206' title='bbox 2087 2013 2270 2091; x_wconf 87' lang='lat' dir='ltr'><strong>etcupere</strong></span> <span class='ocrx_word' id='word_1_207' title='bbox 2287 2024 2350 2092; x_wconf 90' lang='lat' dir='ltr'><strong>po·</strong></span> 
     </span>
     <span class='ocr_line' id='line_1_18' title="bbox 307 2099 2295 2205; baseline -0.006 -21"><span class='ocrx_word' id='word_1_208' title='bbox 307 2113 548 2205; x_wconf 88' lang='lat' dir='ltr'><strong>sponderunt:</strong></span> <span class='ocrx_word' id='word_1_209' title='bbox 582 2135 620 2182; x_wconf 83' lang='lat' dir='ltr'><strong>re</strong></span> <span class='ocrx_word' id='word_1_210' title='bbox 635 2133 712 2182; x_wconf 89' lang='lat' dir='ltr'><strong>uon</strong></span> <span class='ocrx_word' id='word_1_211' title='bbox 725 2110 964 2204; x_wconf 84' lang='lat' dir='ltr'><strong>impedituros</strong></span> <span class='ocrx_word' id='word_1_212' title='bbox 982 2111 1185 2182; x_wconf 85' lang='lat' dir='ltr'><strong>libertatern</strong></span> <span class='ocrx_word' id='word_1_213' title='bbox 1203 2109 1302 2203; x_wconf 87' lang='lat' dir='ltr'><strong>prin·</strong></span> <span class='ocrx_word' id='word_1_214' title='bbox 1350 2108 1505 2180; x_wconf 90' lang='lat' dir='ltr'><strong>tentiam</strong></span> <span class='ocrx_word' id='word_1_215' title='bbox 1524 2099 1625 2180; x_wconf 82' lang='lat' dir='ltr'><strong>suam</strong></span> <span class='ocrx_word' id='word_1_216' title='bbox 1643 2111 1689 2178; x_wconf 90' lang='lat' dir='ltr'><strong>ad</strong></span> <span class='ocrx_word' id='word_1_217' title='bbox 1706 2112 1934 2178; x_wconf 88' lang='lat' dir='ltr'><strong>co&#39;mm&#39;uuem</strong></span> <span class='ocrx_word' id='word_1_218' title='bbox 1949 2102 2101 2178; x_wconf 88' lang='lat' dir='ltr'><strong>salutem</strong></span> <span class='ocrx_word' id='word_1_219' title='bbox 2116 2103 2295 2174; x_wconf 78' lang='lat' dir='ltr'><strong>conferre.</strong></span> 
     </span>
     <span class='ocr_line' id='line_1_19' title="bbox 244 2203 2359 2308; baseline -0.006 -22"><span class='ocrx_word' id='word_1_220' title='bbox 244 2235 247 2240; x_wconf 87' lang='grc'><strong>’</strong></span> <span class='ocrx_word' id='word_1_221' title='bbox 309 2216 428 2308; x_wconf 85' lang='lat' dir='ltr'><strong>cipum</strong></span> <span class='ocrx_word' id='word_1_222' title='bbox 450 2213 679 2300; x_wconf 62' lang='lat' dir='ltr'><strong>Electorum»,</strong></span> <span class='ocrx_word' id='word_1_223' title='bbox 709 2237 776 2283; x_wconf 88' lang='lat' dir='ltr'><strong>nee</strong></span> <span class='ocrx_word' id='word_1_224' title='bbox 805 2211 1068 2308; x_wconf 77' lang='lat' dir='ltr'><strong>significatione</strong></span> <span class='ocrx_word' id='word_1_225' title='bbox 1095 2215 1217 2308; x_wconf 88' lang='lat' dir='ltr'><strong>aliqua</strong></span> <span class='ocrx_word' id='word_1_226' title='bbox 1239 2234 1304 2281; x_wconf 82' lang='lat' dir='ltr'><strong>vn·</strong></span> <span class='ocrx_word' id='word_1_227' title='bbox 1457 2203 2000 2307; x_wconf 70' lang='lat' dir='ltr'><strong>lianc·excusationemscripslt</strong></span> <span class='ocrx_word' id='word_1_228' title='bbox 2016 2209 2062 2278; x_wconf 82' lang='lat' dir='ltr'><strong>ad</strong></span> <span class='ocrx_word' id='word_1_229' title='bbox 2077 2205 2262 2278; x_wconf 79' lang='lat' dir='ltr'><strong>Helvetios</strong></span> <span class='ocrx_word' id='word_1_230' title='bbox 2276 2203 2359 2274; x_wconf 79' lang='lat' dir='ltr'><strong>Leo</strong></span> 
     </span>
     <span class='ocr_line' id='line_1_20' title="bbox 306 2304 2349 2411; baseline -0.004 -25"><span class='ocrx_word' id='word_1_231' title='bbox 306 2318 456 2390; x_wconf 85' lang='lat' dir='ltr'><strong>luntatis</strong></span> <span class='ocrx_word' id='word_1_232' title='bbox 475 2337 585 2402; x_wconf 83' lang='lat' dir='ltr'><strong>sune,</strong></span> <span class='ocrx_word' id='word_1_233' title='bbox 619 2331 682 2389; x_wconf 84' lang='lat' dir='ltr'><strong>aut</strong></span> <span class='ocrx_word' id='word_1_234' title='bbox 703 2330 844 2388; x_wconf 74' lang='lat' dir='ltr'><strong>terrore</strong></span> <span class='ocrx_word' id='word_1_235' title='bbox 866 2316 962 2401; x_wconf 91' lang='lat' dir='ltr'><strong>ullo,</strong></span> <span class='ocrx_word' id='word_1_236' title='bbox 993 2307 1305 2411; x_wconf 78' lang='lat' dir='ltr'><strong>praebituros-no-</strong></span> <span class='ocrx_word' id='word_1_237' title='bbox 1356 2316 1536 2408; x_wconf 80' lang='lat' dir='ltr'><strong>pontifex,</strong></span> <span class='ocrx_word' id='word_1_238' title='bbox 1561 2313 1703 2386; x_wconf 82' lang='lat' dir='ltr'><strong>omissis</strong></span> <span class='ocrx_word' id='word_1_239' title='bbox 1718 2313 1858 2406; x_wconf 76' lang='lat' dir='ltr'><strong>Regum</strong></span> <span class='ocrx_word' id='word_1_240' title='bbox 1873 2311 2095 2383; x_wconf 86' lang='lat' dir='ltr'><strong>nominibus.</strong></span> <span class='ocrx_word' id='word_1_241' title='bbox 2133 2304 2212 2383; x_wconf 78' lang='lat' dir='ltr'><strong>Etsi</strong></span> <span class='ocrx_word' id='word_1_242' title='bbox 2227 2321 2349 2380; x_wconf 87' lang='lat' dir='ltr'><strong>autem</strong></span> 
     </span>
     <span class='ocr_line' id='line_1_21' title="bbox 310 2407 2349 2514; baseline -0.005 -24"><span class='ocrx_word' id='word_1_243' title='bbox 310 2421 491 2492; x_wconf 79' lang='lat' dir='ltr'><strong>cerionem</strong></span> <span class='ocrx_word' id='word_1_244' title='bbox 532 2414 732 2492; x_wconf 85' lang='lat' dir='ltr'><strong>turbandae</strong></span> <span class='ocrx_word' id='word_1_245' title='bbox 768 2419 1040 2514; x_wconf 83' lang='lat' dir='ltr'><strong>tranquillitatis</strong></span> <span class='ocrx_word' id='word_1_246' title='bbox 1075 2419 1305 2502; x_wconf 78' lang='lat' dir='ltr'><strong>Germaniae,</strong></span> <span class='ocrx_word' id='word_1_247' title='bbox 1356 2419 1605 2490; x_wconf 86' lang='lat' dir='ltr'><strong>intellexerant</strong></span> <span class='ocrx_word' id='word_1_248' title='bbox 1639 2415 1842 2500; x_wconf 85' lang='lat' dir='ltr'><strong>Electores,</strong></span> <span class='ocrx_word' id='word_1_249' title='bbox 1865 2407 1976 2514; x_wconf 61' lang='lat' dir='ltr'><strong>⁸quae</strong></span> <span class='ocrx_word' id='word_1_250' title='bbox 2013 2412 2177 2483; x_wconf 86' lang='lat' dir='ltr'><strong>omnium</strong></span> <span class='ocrx_word' id='word_1_251' title='bbox 2210 2411 2349 2504; x_wconf 81' lang='lat' dir='ltr'><strong>Regum</strong></span> 
     </span>
     <span class='ocr_line' id='line_1_22' title="bbox 309 2509 2351 2618; baseline -0.005 -24"><span class='ocrx_word' id='word_1_252' title='bbox 309 2545 419 2618; x_wconf 88' lang='lat' dir='ltr'><strong>quarn</strong></span> <span class='ocrx_word' id='word_1_253' title='bbox 441 2535 678 2616; x_wconf 72' lang='lat' dir='ltr'><strong>agnorcm‘ent</strong></span> <span class='ocrx_word' id='word_1_254' title='bbox 698 2525 868 2615; x_wconf 82' lang='lat' dir='ltr'><strong>patriam.</strong></span> <span class='ocrx_word' id='word_1_255' title='bbox 918 2522 1058 2596; x_wconf 82' lang='lat' dir='ltr'><strong>Deinde</strong></span> <span class='ocrx_word' id='word_1_256' title='bbox 1080 2545 1160 2592; x_wconf 86' lang='lat' dir='ltr'><strong>eum</strong></span> <span class='ocrx_word' id='word_1_257' title='bbox 1185 2522 1304 2591; x_wconf 88' lang='lat' dir='ltr'><strong>nomi·</strong></span> <span class='ocrx_word' id='word_1_258' title='bbox 1356 2523 1489 2616; x_wconf 89' lang='lat' dir='ltr'><strong>ubique</strong></span> <span class='ocrx_word' id='word_1_259' title='bbox 1510 2521 1764 2591; x_wconf 81' lang='lat' dir='ltr'><strong>terrarum-vel</strong></span> <span class='ocrx_word' id='word_1_260' title='bbox 1778 2519 1897 2591; x_wconf 85' lang='lat' dir='ltr'><strong>studia</strong></span> <span class='ocrx_word' id='word_1_261' title='bbox 1916 2529 2051 2601; x_wconf 75' lang='lat' dir='ltr'><strong>esseut,</strong></span> <span class='ocrx_word' id='word_1_262' title='bbox 2077 2517 2135 2586; x_wconf 76' lang='lat' dir='ltr'><strong>vel</strong></span> <span class='ocrx_word' id='word_1_263' title='bbox 2151 2509 2351 2610; x_wconf 73' lang='lat' dir='ltr'><strong>eripectatio</strong></span> 
     </span>
     <span class='ocr_line' id='line_1_23' title="bbox 309 2619 2351 2718; baseline -0.003 -23"><span class='ocrx_word' id='word_1_264' title='bbox 309 2625 423 2696; x_wconf 83' lang='lat' dir='ltr'><strong>nati&#39;m</strong></span> <span class='ocrx_word' id='word_1_265' title='bbox 458 2622 645 2696; x_wconf 82' lang='lat' dir='ltr'><strong>Helvetico</strong></span> <span class='ocrx_word' id='word_1_266' title='bbox 682 2627 827 2696; x_wconf 84' lang='lat' dir='ltr'><strong>loedere</strong></span> <span class='ocrx_word' id='word_1_267' title='bbox 840 2626 1067 2716; x_wconf 81' lang='lat' dir='ltr'><strong>·&#39;exceperint</strong></span> <span class='ocrx_word' id='word_1_268' title='bbox 1096 2624 1301 2695; x_wconf 85' lang='lat' dir='ltr'><strong>Romanam</strong></span> <span class='ocrx_word' id='word_1_269' title='bbox 1356 2627 1400 2694; x_wconf 91' lang='lat' dir='ltr'><strong>de</strong></span> <span class='ocrx_word' id='word_1_270' title='bbox 1424 2619 1492 2694; x_wconf 86' lang='lat' dir='ltr'><strong>bac</strong></span> <span class='ocrx_word' id='word_1_271' title='bbox 1515 2623 1707 2708; x_wconf 80' lang='lat' dir='ltr'><strong>electione,</strong></span> <span class='ocrx_word' id='word_1_272' title='bbox 1740 2636 1776 2693; x_wconf 92' lang='lat' dir='ltr'><strong>et</strong></span> <span class='ocrx_word' id='word_1_273' title='bbox 1796 2647 1873 2718; x_wconf 93' lang='lat' dir='ltr'><strong>quo</strong></span> <span class='ocrx_word' id='word_1_274' title='bbox 1900 2621 2125 2714; x_wconf 84' lang='lat' dir='ltr'><strong>singulormn</strong></span> <span class='ocrx_word' id='word_1_275' title='bbox 2145 2619 2351 2690; x_wconf 77' lang='lat' dir='ltr'><strong>&#39;voluntates</strong></span> 
     </span>
     <span class='ocr_line' id='line_1_24' title="bbox 308 2721 2350 2822; baseline -0.003 -24"><span class='ocrx_word' id='word_1_276' title='bbox 308 2727 527 2814; x_wconf 83' lang='lat' dir='ltr'><strong>Ecclesiam,</strong></span> <span class='ocrx_word' id='word_1_277' title='bbox 554 2742 590 2800; x_wconf 89' lang='lat' dir='ltr'><strong>et</strong></span> <span class='ocrx_word' id='word_1_278' title='bbox 604 2727 812 2814; x_wconf 83' lang='lat' dir='ltr'><strong>Romanurn</strong></span> <span class='ocrx_word' id='word_1_279' title='bbox 834 2725 1050 2822; x_wconf 84' lang='lat' dir='ltr'><strong>Imperium:</strong></span> <span class='ocrx_word' id='word_1_280' title='bbox 1084 2729 1316 2822; x_wconf 55' lang='lat' dir='ltr'><strong>profitebar-1</strong></span> <span class='ocrx_word' id='word_1_281' title='bbox 1356 2728 1548 2797; x_wconf 85' lang='lat' dir='ltr'><strong>inclinatae</strong></span> <span class='ocrx_word' id='word_1_282' title='bbox 1568 2740 1704 2798; x_wconf 84' lang='lat' dir='ltr'><strong>essent:</strong></span> <span class='ocrx_word' id='word_1_283' title='bbox 1730 2721 1807 2819; x_wconf 88' lang='lat' dir='ltr'><strong>ipsi</strong></span> <span class='ocrx_word' id='word_1_284' title='bbox 1831 2738 1953 2794; x_wconf 86' lang='lat' dir='ltr'><strong>tamen</strong></span> <span class='ocrx_word' id='word_1_285' title='bbox 1976 2745 2117 2796; x_wconf 86' lang='lat' dir='ltr'><strong>summa</strong></span> <span class='ocrx_word' id='word_1_286' title='bbox 2133 2745 2217 2794; x_wconf 87' lang='lat' dir='ltr'><strong>euru</strong></span> <span class='ocrx_word' id='word_1_287' title='bbox 2235 2721 2350 2815; x_wconf 84' lang='lat' dir='ltr'><strong>gravi·</strong></span> 
     </span>
     <span class='ocr_line' id='line_1_25' title="bbox 309 2820 2350 2925; baseline -0.005 -21"><span class='ocrx_word' id='word_1_288' title='bbox 309 2846 370 2904; x_wconf 86' lang='lat' dir='ltr'><strong>tur</strong></span> <span class='ocrx_word' id='word_1_289' title='bbox 394 2857 432 2904; x_wconf 86' lang='lat' dir='ltr'><strong>se</strong></span> <span class='ocrx_word' id='word_1_290' title='bbox 453 2827 549 2902; x_wconf 90' lang='lat' dir='ltr'><strong>nibil</strong></span> <span class='ocrx_word' id='word_1_291' title='bbox 571 2839 703 2902; x_wconf 74' lang='lat' dir='ltr'><strong>contra</strong></span> <span class='ocrx_word' id='word_1_292' title='bbox 723 2831 884 2901; x_wconf 85' lang='lat' dir='ltr'><strong>Romani</strong></span> <span class='ocrx_word' id='word_1_293' title='bbox 905 2827 1059 2925; x_wconf 87' lang='lat' dir='ltr'><strong>imperii·</strong></span> <span class='ocrx_word' id='word_1_294' title='bbox 1075 2831 1305 2910; x_wconf 85' lang='lat' dir='ltr'><strong>Maiestatem</strong></span> <span class='ocrx_word' id='word_1_295' title='bbox 1357 2842 1429 2902; x_wconf 87' lang='lat' dir='ltr'><strong>tate</strong></span> <span class='ocrx_word' id='word_1_296' title='bbox 1445 2831 1638 2916; x_wconf 82' lang='lat' dir='ltr'><strong>cavebant,</strong></span> <span class='ocrx_word' id='word_1_297' title='bbox 1664 2853 1710 2899; x_wconf 90' lang='lat' dir='ltr'><strong>ne</strong></span> <span class='ocrx_word' id='word_1_298' title='bbox 1726 2831 1773 2900; x_wconf 91' lang='lat' dir='ltr'><strong>ad</strong></span> <span class='ocrx_word' id='word_1_299' title='bbox 1786 2828 1901 2908; x_wconf 79' lang='lat' dir='ltr'><strong>ullum</strong></span> <span class='ocrx_word' id='word_1_300' title='bbox 1914 2820 2094 2898; x_wconf 82' lang='lat' dir='ltr'><strong>inllectere</strong></span> <span class='ocrx_word' id='word_1_301' title='bbox 2107 2848 2145 2898; x_wconf 89' lang='lat' dir='ltr'><strong>se</strong></span> <span class='ocrx_word' id='word_1_302' title='bbox 2159 2825 2350 2921; x_wconf 86' lang='lat' dir='ltr'><strong>quisquam</strong></span> 
     </span>
     <span class='ocr_line' id='line_1_26' title="bbox 308 2925 2350 3026; baseline -0.002 -24"><span class='ocrx_word' id='word_1_303' title='bbox 308 2935 468 3006; x_wconf 79' lang='lat' dir='ltr'><strong>facturos</strong></span> <span class='ocrx_word' id='word_1_304' title='bbox 500 2957 589 3006; x_wconf 86' lang='lat' dir='ltr'><strong>esse.</strong></span> <span class='ocrx_word' id='word_1_305' title='bbox 655 2931 819 3004; x_wconf 87' lang='lat' dir='ltr'><strong>Pertinet</strong></span> <span class='ocrx_word' id='word_1_306' title='bbox 850 2929 972 3005; x_wconf 90' lang='lat' dir='ltr'><strong>autem</strong></span> <span class='ocrx_word' id='word_1_307' title='bbox 1007 2937 1053 3006; x_wconf 90' lang='lat' dir='ltr'><strong>ad</strong></span> <span class='ocrx_word' id='word_1_308' title='bbox 1079 2934 1303 3006; x_wconf 81' lang='lat' dir='ltr'><strong>Maiestatem</strong></span> <span class='ocrx_word' id='word_1_309' title='bbox 1356 2933 1541 3004; x_wconf 87' lang='lat' dir='ltr'><strong>videretur</strong></span> <span class='ocrx_word' id='word_1_310' title='bbox 1562 2946 1646 3004; x_wconf 90' lang='lat' dir='ltr'><strong>ante</strong></span> <span class='ocrx_word' id='word_1_311' title='bbox 1663 2925 1971 3026; x_wconf 81' lang='lat' dir='ltr'><strong>suffragationem.</strong></span> <span class='ocrx_word' id='word_1_312' title='bbox 2022 2929 2247 3003; x_wconf 83' lang='lat' dir='ltr'><strong>Nemoullas</strong></span> <span class='ocrx_word' id='word_1_313' title='bbox 2266 2927 2350 3000; x_wconf 84' lang='lat' dir='ltr'><strong>aluit</strong></span> 
     </span>
     <span class='ocr_line' id='line_1_27' title="bbox 293 3026 2349 3130; baseline -0.001 -25"><span class='ocrx_word' id='word_1_314' title='bbox 293 3036 457 3108; x_wconf 85' lang='lat' dir='ltr'><strong>libertas</strong></span> <span class='ocrx_word' id='word_1_315' title='bbox 478 3036 684 3130; x_wconf 88' lang='lat' dir='ltr'><strong>principum</strong></span> <span class='ocrx_word' id='word_1_316' title='bbox 703 3035 923 3108; x_wconf 84' lang='lat' dir='ltr'><strong>Electorum.</strong></span> <span class='ocrx_word' id='word_1_317' title='bbox 976 3036 1028 3107; x_wconf 91' lang='lat' dir='ltr'><strong>lta</strong></span> <span class='ocrx_word' id='word_1_318' title='bbox 1046 3038 1160 3110; x_wconf 86' lang='lat' dir='ltr'><strong>Gallie</strong></span> <span class='ocrx_word' id='word_1_319' title='bbox 1182 3037 1306 3111; x_wconf 85' lang='lat' dir='ltr'><strong>dimis·</strong></span> <span class='ocrx_word' id='word_1_320' title='bbox 1355 3038 1548 3121; x_wconf 84' lang='lat' dir='ltr'><strong>lactiones,</strong></span> <span class='ocrx_word' id='word_1_321' title='bbox 1572 3059 1683 3107; x_wconf 86' lang='lat' dir='ltr'><strong>nomo</strong></span> <span class='ocrx_word' id='word_1_322' title='bbox 1707 3035 1852 3130; x_wconf 84' lang='lat' dir='ltr'><strong>paravit</strong></span> <span class='ocrx_word' id='word_1_323' title='bbox 1872 3035 1928 3106; x_wconf 84' lang='lat' dir='ltr'><strong>sui</strong></span> <span class='ocrx_word' id='word_1_324' title='bbox 1949 3026 2110 3125; x_wconf 78' lang='lat' dir='ltr'><strong>suffragii</strong></span> <span class='ocrx_word' id='word_1_325' title='bbox 2130 3034 2349 3110; x_wconf 63' lang='lat' dir='ltr'><strong>defensorem</strong></span> 
     </span>
    </p>
   </div>
   <div class='ocr_carea' id='block_1_3' title="bbox 168 3135 2349 3233">
    <p class='ocr_par' dir='ltr' id='par_1_3' title="bbox 168 3135 2349 3233">
     <span class='ocr_line' id='line_1_28' title="bbox 168 3135 2349 3233; baseline -0.003 -23"><span class='ocrx_word' id='word_1_326' title='bbox 168 3225 170 3229; x_wconf 18' lang='grc' dir='ltr'>ι</span> <span class='ocrx_word' id='word_1_327' title='bbox 310 3139 370 3224; x_wconf 85' lang='lat' dir='ltr'><strong>sis,</strong></span> <span class='ocrx_word' id='word_1_328' title='bbox 396 3140 558 3211; x_wconf 71' lang='lat' dir='ltr'><strong>scribserat</strong></span> <span class='ocrx_word' id='word_1_329' title='bbox 572 3139 729 3211; x_wconf 86' lang='lat' dir='ltr'><strong>Helvetii</strong></span> <span class='ocrx_word' id='word_1_330' title='bbox 740 3139 862 3212; x_wconf 85' lang='lat' dir='ltr'><strong>literas</strong></span> <span class='ocrx_word' id='word_1_331' title='bbox 876 3143 922 3210; x_wconf 89' lang='lat' dir='ltr'><strong>acl</strong></span> <span class='ocrx_word' id='word_1_332' title='bbox 938 3141 1097 3233; x_wconf 87' lang='lat' dir='ltr'><strong>singulos</strong></span> <span class='ocrx_word' id='word_1_333' title='bbox 1111 3139 1305 3227; x_wconf 86' lang='lat' dir='ltr'><strong>Electores,</strong></span> <span class='ocrx_word' id='word_1_334' title='bbox 1356 3141 1418 3212; x_wconf 82' lang='lat' dir='ltr'><strong>sed</strong></span> <span class='ocrx_word' id='word_1_335' title='bbox 1451 3140 1600 3233; x_wconf 84' lang='lat' dir='ltr'><strong>integris</strong></span> <span class='ocrx_word' id='word_1_336' title='bbox 1633 3139 1764 3211; x_wconf 89' lang='lat' dir='ltr'><strong>animis</strong></span> <span class='ocrx_word' id='word_1_337' title='bbox 1790 3150 2038 3208; x_wconf 84' lang='lat' dir='ltr'><strong>convenerunt</strong></span> <span class='ocrx_word' id='word_1_338' title='bbox 2063 3137 2103 3206; x_wconf 91' lang='lat' dir='ltr'><strong>in</strong></span> <span class='ocrx_word' id='word_1_339' title='bbox 2130 3135 2349 3231; x_wconf 84' lang='lat' dir='ltr'><strong>colloquium</strong></span> 
     </span>
    </p>
   </div>
   <div class='ocr_carea' id='block_1_4' title="bbox 197 3238 2395 5506">
    <p class='ocr_par' dir='ltr' id='par_1_4' title="bbox 197 3238 2395 5506">
     <span class='ocr_line' id='line_1_29' title="bbox 270 3238 2349 3340; baseline -0.002 -29"><span class='ocrx_word' id='word_1_340' title='bbox 270 3275 273 3282; x_wconf 33' lang='lat' dir='ltr'>v</span> <span class='ocrx_word' id='word_1_341' title='bbox 311 3243 350 3312; x_wconf 93' lang='lat' dir='ltr'><strong>in</strong></span> <span class='ocrx_word' id='word_1_342' title='bbox 372 3239 507 3338; x_wconf 78' lang='lat' dir='ltr'><strong>quibu&#39;t</strong></span> <span class='ocrx_word' id='word_1_343' title='bbox 528 3238 849 3328; x_wconf 80' lang='lat' dir='ltr'><strong>commemorant,</strong></span> <span class='ocrx_word' id='word_1_344' title='bbox 865 3266 903 3314; x_wconf 85' lang='lat' dir='ltr'><strong>se</strong></span> <span class='ocrx_word' id='word_1_345' title='bbox 924 3245 1035 3329; x_wconf 84' lang='lat' dir='ltr'><strong>scire,</strong></span> <span class='ocrx_word' id='word_1_346' title='bbox 1066 3267 1176 3340; x_wconf 87' lang='lat' dir='ltr'><strong>quam</strong></span> <span class='ocrx_word' id='word_1_347' title='bbox 1198 3239 1307 3315; x_wconf 63' lang='lat' dir='ltr'><strong>veho</strong></span> <span class='ocrx_word' id='word_1_348' title='bbox 1356 3243 1559 3328; x_wconf 85' lang='lat' dir='ltr'><strong>Electorec,</strong></span> <span class='ocrx_word' id='word_1_349' title='bbox 1598 3243 1774 3338; x_wconf 85' lang='lat' dir='ltr'><strong>equibus</strong></span> <span class='ocrx_word' id='word_1_350' title='bbox 1794 3238 2031 3334; x_wconf 88' lang='lat' dir='ltr'><strong>Moguutinus</strong></span> <span class='ocrx_word' id='word_1_351' title='bbox 2063 3263 2158 3312; x_wconf 86' lang='lat' dir='ltr'><strong>unus</strong></span> <span class='ocrx_word' id='word_1_352' title='bbox 2187 3239 2349 3310; x_wconf 82' lang='lat' dir='ltr'><strong>omnium</strong></span> 
     </span>
     <span class='ocr_line' id='line_1_30' title="bbox 310 3336 2350 3443; baseline -0.001 -28"><span class='ocrx_word' id='word_1_353' title='bbox 310 3356 452 3416; x_wconf 76' lang='lat' dir='ltr'><strong>menter</strong></span> <span class='ocrx_word' id='word_1_354' title='bbox 471 3343 751 3418; x_wconf 83' lang='lat' dir='ltr'><strong>ambiatGallue</strong></span> <span class='ocrx_word' id='word_1_355' title='bbox 764 3347 988 3438; x_wconf 73' lang='lat' dir='ltr'><strong>imperium,</strong></span> <span class='ocrx_word' id='word_1_356' title='bbox 1006 3361 1042 3418; x_wconf 89' lang='lat' dir='ltr'><strong>et</strong></span> <span class='ocrx_word' id='word_1_357' title='bbox 1057 3349 1157 3443; x_wconf 89' lang='lat' dir='ltr'><strong>quod</strong></span> <span class='ocrx_word' id='word_1_358' title='bbox 1174 3347 1305 3418; x_wconf 87' lang='lat' dir='ltr'><strong>multo·</strong></span> <span class='ocrx_word' id='word_1_359' title='bbox 1357 3346 1612 3439; x_wconf 84' lang='lat' dir='ltr'><strong>gravissimum</strong></span> <span class='ocrx_word' id='word_1_360' title='bbox 1631 3339 1724 3423; x_wconf 77' lang='lat' dir='ltr'><strong>ducas</strong></span> <span class='ocrx_word' id='word_1_361' title='bbox 1746 3345 1962 3417; x_wconf 77' lang='lat' dir='ltr'><strong>sustinebat·</strong></span> <span class='ocrx_word' id='word_1_362' title='bbox 2008 3342 2103 3416; x_wconf 88' lang='lat' dir='ltr'><strong>Nam</strong></span> <span class='ocrx_word' id='word_1_363' title='bbox 2118 3336 2350 3434; x_wconf 78' lang='lat' dir='ltr'><strong>comprimus</strong></span> 
     </span>
     <span class='ocr_line' id='line_1_31' title="bbox 310 3441 2349 3536; baseline -0.004 -16"><span class='ocrx_word' id='word_1_364' title='bbox 310 3471 392 3520; x_wconf 85' lang='lat' dir='ltr'><strong>mm</strong></span> <span class='ocrx_word' id='word_1_365' title='bbox 414 3450 558 3522; x_wconf 81' lang='lat' dir='ltr'><strong>animos</strong></span> <span class='ocrx_word' id='word_1_366' title='bbox 580 3471 622 3520; x_wconf 86' lang='lat' dir='ltr'><strong>ea</strong></span> <span class='ocrx_word' id='word_1_367' title='bbox 647 3452 692 3520; x_wconf 83' lang='lat' dir='ltr'><strong>de</strong></span> <span class='ocrx_word' id='word_1_368' title='bbox 715 3470 756 3520; x_wconf 88' lang='lat' dir='ltr'><strong>re</strong></span> <span class='ocrx_word' id='word_1_369' title='bbox 777 3450 955 3523; x_wconf 85' lang='lat' dir='ltr'><strong>sollicitet.</strong></span> <span class='ocrx_word' id='word_1_370' title='bbox 1007 3451 1168 3523; x_wconf 84' lang='lat' dir='ltr'><strong>Narrant</strong></span> <span class='ocrx_word' id='word_1_371' title='bbox 1185 3450 1306 3536; x_wconf 90' lang='lat' dir='ltr'><strong>etiam,</strong></span> <span class='ocrx_word' id='word_1_372' title='bbox 1356 3451 1571 3522; x_wconf 85' lang='lat' dir='ltr'><strong>sententiam</strong></span> <span class='ocrx_word' id='word_1_373' title='bbox 1604 3441 1772 3526; x_wconf 84' lang='lat' dir='ltr'><strong>dicturus</strong></span> <span class='ocrx_word' id='word_1_374' title='bbox 1799 3443 1905 3534; x_wconf 75' lang='lat' dir='ltr'><strong>esset,</strong></span> <span class='ocrx_word' id='word_1_375' title='bbox 1939 3448 2179 3518; x_wconf 85' lang='lat' dir='ltr'><strong>laborandum</strong></span> <span class='ocrx_word' id='word_1_376' title='bbox 2209 3442 2349 3528; x_wconf 75' lang='lat' dir='ltr'><strong>siluit,</strong></span> 
     </span>
     <span class='ocr_line' id='line_1_32' title="bbox 311 3547 2351 3649; baseline -0.003 -27"><span class='ocrx_word' id='word_1_377' title='bbox 311 3573 405 3646; x_wconf 87' lang='lat' dir='ltr'><strong>qnae</strong></span> <span class='ocrx_word' id='word_1_378' title='bbox 426 3555 523 3647; x_wconf 84' lang='lat' dir='ltr'><strong>apud</strong></span> <span class='ocrx_word' id='word_1_379' title='bbox 545 3553 643 3645; x_wconf 79' lang='lat' dir='ltr'><strong>ipsos</strong></span> <span class='ocrx_word' id='word_1_380' title='bbox 666 3551 853 3646; x_wconf 80' lang='lat' dir='ltr'><strong>petiverit,</strong></span> <span class='ocrx_word' id='word_1_381' title='bbox 887 3553 1046 3649; x_wconf 88' lang='lat' dir='ltr'><strong>quidque</strong></span> <span class='ocrx_word' id='word_1_382' title='bbox 1067 3553 1137 3647; x_wconf 90' lang='lat' dir='ltr'><strong>ipsi</strong></span> <span class='ocrx_word' id='word_1_383' title='bbox 1157 3569 1306 3646; x_wconf 82' lang='lat' dir='ltr'><strong>respon·</strong></span> <span class='ocrx_word' id='word_1_384' title='bbox 1357 3575 1433 3624; x_wconf 90' lang='lat' dir='ltr'><strong>uon</strong></span> <span class='ocrx_word' id='word_1_385' title='bbox 1454 3555 1565 3624; x_wconf 88' lang='lat' dir='ltr'><strong>modo</strong></span> <span class='ocrx_word' id='word_1_386' title='bbox 1586 3566 1633 3623; x_wconf 89' lang='lat' dir='ltr'><strong>ut·</strong></span> <span class='ocrx_word' id='word_1_387' title='bbox 1649 3551 1823 3645; x_wconf 80' lang='lat' dir='ltr'><strong>suffragio</strong></span> <span class='ocrx_word' id='word_1_388' title='bbox 1846 3569 1913 3623; x_wconf 85' lang='lat' dir='ltr'><strong>suo</strong></span> <span class='ocrx_word' id='word_1_389' title='bbox 1941 3551 2097 3646; x_wconf 81' lang='lat' dir='ltr'><strong>allquem</strong></span> <span class='ocrx_word' id='word_1_390' title='bbox 2129 3547 2351 3628; x_wconf 70' lang='lat' dir='ltr'><strong>nominaretc</strong></span> 
     </span>
     <span class='ocr_line' id='line_1_33' title="bbox 303 3653 2353 3750; baseline -0.001 -25"><span class='ocrx_word' id='word_1_391' title='bbox 303 3655 442 3728; x_wconf 79' lang='lat' dir='ltr'><strong>derint.</strong></span> <span class='ocrx_word' id='word_1_392' title='bbox 503 3655 659 3736; x_wconf 75' lang='lat' dir='ltr'><strong>Deinde·</strong></span> <span class='ocrx_word' id='word_1_393' title='bbox 678 3668 883 3749; x_wconf 69' lang='lat' dir='ltr'><strong>exponunt,</strong></span> <span class='ocrx_word' id='word_1_394' title='bbox 915 3679 954 3728; x_wconf 87' lang='lat' dir='ltr'><strong>se</strong></span> <span class='ocrx_word' id='word_1_395' title='bbox 987 3658 1156 3750; x_wconf 78' lang='lat' dir='ltr'><strong>defugere</strong></span> <span class='ocrx_word' id='word_1_396' title='bbox 1180 3657 1304 3727; x_wconf 86' lang='lat' dir='ltr'><strong>omnia</strong></span> <span class='ocrx_word' id='word_1_397' title='bbox 1357 3659 1418 3728; x_wconf 90' lang='lat' dir='ltr'><strong>sed</strong></span> <span class='ocrx_word' id='word_1_398' title='bbox 1450 3655 1557 3727; x_wconf 88' lang='lat' dir='ltr'><strong>etiam</strong></span> <span class='ocrx_word' id='word_1_399' title='bbox 1588 3680 1713 3726; x_wconf 90' lang='lat' dir='ltr'><strong>causas</strong></span> <span class='ocrx_word' id='word_1_400' title='bbox 1743 3679 1828 3726; x_wconf 88' lang='lat' dir='ltr'><strong>suae</strong></span> <span class='ocrx_word' id='word_1_401' title='bbox 1855 3653 2123 3748; x_wconf 83' lang='lat' dir='ltr'><strong>suffragationis</strong></span> <span class='ocrx_word' id='word_1_402' title='bbox 2145 3663 2353 3746; x_wconf 74' lang='lat' dir='ltr'><strong>exponeret,</strong></span> 
     </span>
     <span class='ocr_line' id='line_1_34' title="bbox 312 3752 2352 3854; baseline -0.001 -27"><span class='ocrx_word' id='word_1_403' title='bbox 312 3757 481 3841; x_wconf 86' lang='lat' dir='ltr'><strong>consilia,</strong></span> <span class='ocrx_word' id='word_1_404' title='bbox 514 3782 609 3854; x_wconf 85' lang='lat' dir='ltr'><strong>quac</strong></span> <span class='ocrx_word' id='word_1_405' title='bbox 631 3756 823 3848; x_wconf 67' lang='lat' dir='ltr'><strong>rideantur</strong></span> <span class='ocrx_word' id='word_1_406' title='bbox 843 3778 921 3831; x_wconf 86' lang='lat' dir='ltr'><strong>erse</strong></span> <span class='ocrx_word' id='word_1_407' title='bbox 942 3760 1305 3832; x_wconf 79' lang='lat' dir='ltr'><strong>coutra&#39;Gcrmauiae</strong></span> <span class='ocrx_word' id='word_1_408' title='bbox 1356 3772 1397 3832; x_wconf 89' lang='lat' dir='ltr'><strong>nt</strong></span> <span class='ocrx_word' id='word_1_409' title='bbox 1411 3759 1572 3854; x_wconf 86' lang='lat' dir='ltr'><strong>reliquos</strong></span> <span class='ocrx_word' id='word_1_410' title='bbox 1586 3761 1632 3828; x_wconf 90' lang='lat' dir='ltr'><strong>ad</strong></span> <span class='ocrx_word' id='word_1_411' title='bbox 1648 3765 1751 3830; x_wconf 83' lang='lat' dir='ltr'><strong>edam</strong></span> <span class='ocrx_word' id='word_1_412' title='bbox 1772 3757 2234 3849; x_wconf 80' lang='lat' dir='ltr'><strong>sententiam-adiungeret.</strong></span> <span class='ocrx_word' id='word_1_413' title='bbox 2286 3752 2352 3825; x_wconf 91' lang='lat' dir='ltr'><strong>lta-</strong></span> 
     </span>
     <span class='ocr_line' id='line_1_35' title="bbox 312 3853 2356 3960; baseline -0.001 -31"><span class='ocrx_word' id='word_1_414' title='bbox 312 3859 633 3954; x_wconf 84' lang='lat' dir='ltr'><strong>tranquillitatem,</strong></span> <span class='ocrx_word' id='word_1_415' title='bbox 666 3873 708 3930; x_wconf 88' lang='lat' dir='ltr'><strong>et</strong></span> <span class='ocrx_word' id='word_1_416' title='bbox 729 3873 864 3953; x_wconf 90' lang='lat' dir='ltr'><strong>negant</strong></span> <span class='ocrx_word' id='word_1_417' title='bbox 886 3885 923 3933; x_wconf 87' lang='lat' dir='ltr'><strong>se</strong></span> <span class='ocrx_word' id='word_1_418' title='bbox 942 3859 1015 3932; x_wconf 88' lang='lat' dir='ltr'><strong>ulla</strong></span> <span class='ocrx_word' id='word_1_419' title='bbox 1039 3864 1078 3931; x_wconf 92' lang='lat' dir='ltr'><strong>in</strong></span> <span class='ocrx_word' id='word_1_420' title='bbox 1099 3884 1139 3934; x_wconf 84' lang='lat' dir='ltr'><strong>re</strong></span> <span class='ocrx_word' id='word_1_421' title='bbox 1160 3863 1306 3933; x_wconf 87' lang='lat' dir='ltr'><strong>liberta-</strong></span> <span class='ocrx_word' id='word_1_422' title='bbox 1359 3887 1428 3960; x_wconf 87' lang='lat' dir='ltr'><strong>que</strong></span> <span class='ocrx_word' id='word_1_423' title='bbox 1443 3863 1545 3954; x_wconf 83' lang='lat' dir='ltr'><strong>prius</strong></span> <span class='ocrx_word' id='word_1_424' title='bbox 1561 3853 1857 3945; x_wconf 37' lang='lat' dir='ltr'><strong>camvrnnedco,</strong></span> <span class='ocrx_word' id='word_1_425' title='bbox 1881 3859 1981 3931; x_wconf 85' lang='lat' dir='ltr'><strong>Duce</strong></span> <span class='ocrx_word' id='word_1_426' title='bbox 1996 3860 2187 3946; x_wconf 75' lang='lat' dir='ltr'><strong>saxoniae,</strong></span> <span class='ocrx_word' id='word_1_427' title='bbox 2215 3862 2263 3932; x_wconf 89' lang='lat' dir='ltr'><strong>de</strong></span> <span class='ocrx_word' id='word_1_428' title='bbox 2277 3858 2356 3931; x_wconf 86' lang='lat' dir='ltr'><strong>uni·</strong></span> 
     </span>
     <span class='ocr_line' id='line_1_36' title="bbox 270 3951 2352 4059; baseline 0 -27"><span class='ocrx_word' id='word_1_429' title='bbox 270 3963 273 3970; x_wconf 85' lang='lat'>&#39;</span> <span class='ocrx_word' id='word_1_430' title='bbox 311 3961 605 4057; x_wconf 60' lang='lat' dir='ltr'><strong>terntprinciprnn</strong></span> <span class='ocrx_word' id='word_1_431' title='bbox 618 3961 824 4036; x_wconf 80' lang='lat' dir='ltr'><strong>Electomnt</strong></span> <span class='ocrx_word' id='word_1_432' title='bbox 840 3961 1079 4057; x_wconf 84' lang='lat' dir='ltr'><strong>impedituros</strong></span> <span class='ocrx_word' id='word_1_433' title='bbox 1095 3987 1182 4039; x_wconf 83' lang='lat' dir='ltr'><strong>esse.</strong></span> <span class='ocrx_word' id='word_1_434' title='bbox 1216 4035 1219 4042; x_wconf 82' lang='grc'>,</span> <span class='ocrx_word' id='word_1_435' title='bbox 1358 3963 1459 4038; x_wconf 75' lang='lat' dir='ltr'><strong>veisa</strong></span> <span class='ocrx_word' id='word_1_436' title='bbox 1481 3961 1664 4059; x_wconf 86' lang='lat' dir='ltr'><strong>republica</strong></span> <span class='ocrx_word' id='word_1_437' title='bbox 1688 3957 1913 4049; x_wconf 75' lang='lat' dir='ltr'><strong>Christiana,</strong></span> <span class='ocrx_word' id='word_1_438' title='bbox 1953 3977 1992 4034; x_wconf 87' lang='lat' dir='ltr'><strong>et</strong></span> <span class='ocrx_word' id='word_1_439' title='bbox 2013 3951 2188 4035; x_wconf 84' lang='lat' dir='ltr'><strong>omnibus</strong></span> <span class='ocrx_word' id='word_1_440' title='bbox 2203 3961 2352 4058; x_wconf 86' lang='lat' dir='ltr'><strong>Imperii</strong></span> 
     </span>
     <span class='ocr_line' id='line_1_37' title="bbox 401 4061 2352 4164; baseline 0.001 -28"><span class='ocrx_word' id='word_1_441' title='bbox 401 4061 905 4152; x_wconf 77' lang='lat' dir='ltr'><strong>Adliciuntdehortationem,</strong></span> <span class='ocrx_word' id='word_1_442' title='bbox 925 4093 972 4138; x_wconf 92' lang='lat' dir='ltr'><strong>ne</strong></span> <span class='ocrx_word' id='word_1_443' title='bbox 989 4071 1035 4138; x_wconf 85' lang='lat' dir='ltr'><strong>ad</strong></span> <span class='ocrx_word' id='word_1_444' title='bbox 1046 4069 1175 4142; x_wconf 83' lang='lat' dir='ltr'><strong>Galles</strong></span> <span class='ocrx_word' id='word_1_445' title='bbox 1189 4081 1307 4141; x_wconf 87' lang='lat' dir='ltr'><strong>trans·</strong></span> <span class='ocrx_word' id='word_1_446' title='bbox 1358 4068 1566 4141; x_wconf 79' lang='lat' dir='ltr'><strong>Germanici</strong></span> <span class='ocrx_word' id='word_1_447' title='bbox 1585 4064 1750 4162; x_wconf 86' lang='lat' dir='ltr'><strong>partibus</strong></span> <span class='ocrx_word' id='word_1_448' title='bbox 1765 4067 2001 4164; x_wconf 82' lang='lat' dir='ltr'><strong>colloquitur.</strong></span> <span class='ocrx_word' id='word_1_449' title='bbox 2049 4065 2098 4137; x_wconf 84' lang='lat' dir='ltr'><strong>Et</strong></span> <span class='ocrx_word' id='word_1_450' title='bbox 2115 4063 2171 4137; x_wconf 89' lang='lat' dir='ltr'><strong>his</strong></span> <span class='ocrx_word' id='word_1_451' title='bbox 2184 4091 2352 4160; x_wconf 87' lang='lat' dir='ltr'><strong>congres-</strong></span> 
     </span>
     <span class='ocr_line' id='line_1_38' title="bbox 311 4163 2352 4274; baseline 0.001 -37"><span class='ocrx_word' id='word_1_452' title='bbox 311 4168 449 4241; x_wconf 66' lang='lat' dir='ltr'><strong>aanor</strong></span> <span class='ocrx_word' id='word_1_453' title='bbox 469 4165 795 4264; x_wconf 77' lang='lat' dir='ltr'><strong>Romrri&#39;lm&#39;perii</strong></span> <span class='ocrx_word' id='word_1_454' title='bbox 815 4172 944 4274; x_wconf 81' lang='lat' dir='ltr'><strong>deeras,</strong></span> <span class='ocrx_word' id='word_1_455' title='bbox 977 4165 1069 4244; x_wconf 82' lang='lat' dir='ltr'><strong>nere</strong></span> <span class='ocrx_word' id='word_1_456' title='bbox 1089 4185 1306 4250; x_wconf 82' lang='lat' dir='ltr'><strong>moveantur</strong></span> <span class='ocrx_word' id='word_1_457' title='bbox 1357 4173 1455 4246; x_wconf 81' lang='lat' dir='ltr'><strong>sibor</strong></span> <span class='ocrx_word' id='word_1_458' title='bbox 1477 4184 1570 4244; x_wconf 86' lang='lat' dir='ltr'><strong>totas</strong></span> <span class='ocrx_word' id='word_1_459' title='bbox 1593 4163 1755 4264; x_wconf 81' lang='lat' dir='ltr'><strong>impertit</strong></span> <span class='ocrx_word' id='word_1_460' title='bbox 1777 4182 1918 4242; x_wconf 88' lang='lat' dir='ltr'><strong>noctes:</strong></span> <span class='ocrx_word' id='word_1_461' title='bbox 1958 4191 2000 4242; x_wconf 89' lang='lat' dir='ltr'><strong>ae</strong></span> <span class='ocrx_word' id='word_1_462' title='bbox 2021 4195 2063 4244; x_wconf 83' lang='lat' dir='ltr'><strong>re</strong></span> <span class='ocrx_word' id='word_1_463' title='bbox 2076 4169 2271 4265; x_wconf 80' lang='lat' dir='ltr'><strong>diligenter</strong></span> <span class='ocrx_word' id='word_1_464' title='bbox 2287 4169 2352 4241; x_wconf 90' lang='lat' dir='ltr'><strong>dis·</strong></span> 
     </span>
     <span class='ocr_line' id='line_1_39' title="bbox 311 4269 2352 4372; baseline 0 -31"><span class='ocrx_word' id='word_1_465' title='bbox 311 4271 493 4365; x_wconf 83' lang='lat' dir='ltr'><strong>principes</strong></span> <span class='ocrx_word' id='word_1_466' title='bbox 514 4275 644 4366; x_wconf 88' lang='lat' dir='ltr'><strong>opibus</strong></span> <span class='ocrx_word' id='word_1_467' title='bbox 661 4286 724 4344; x_wconf 89' lang='lat' dir='ltr'><strong>aut</strong></span> <span class='ocrx_word' id='word_1_468' title='bbox 736 4271 877 4346; x_wconf 30' lang='lat' dir='ltr'><strong>&#39;viribus</strong></span> <span class='ocrx_word' id='word_1_469' title='bbox 893 4269 1059 4362; x_wconf 86' lang='lat' dir='ltr'><strong>Gallicis,</strong></span> <span class='ocrx_word' id='word_1_470' title='bbox 1086 4277 1170 4372; x_wconf 90' lang='lat' dir='ltr'><strong>quia</strong></span> <span class='ocrx_word' id='word_1_471' title='bbox 1188 4272 1305 4347; x_wconf 88' lang='lat' dir='ltr'><strong>adhuc</strong></span> <span class='ocrx_word' id='word_1_472' title='bbox 1357 4289 1502 4370; x_wconf 90' lang='lat' dir='ltr'><strong>putata,</strong></span> <span class='ocrx_word' id='word_1_473' title='bbox 1540 4271 1625 4347; x_wconf 91' lang='lat' dir='ltr'><strong>huic</strong></span> <span class='ocrx_word' id='word_1_474' title='bbox 1655 4275 1812 4346; x_wconf 85' lang='lat' dir='ltr'><strong>ostendit</strong></span> <span class='ocrx_word' id='word_1_475' title='bbox 1842 4273 1998 4345; x_wconf 81' lang='lat' dir='ltr'><strong>maxime</strong></span> <span class='ocrx_word' id='word_1_476' title='bbox 2025 4299 2046 4344; x_wconf 89' lang='lat' dir='ltr'><strong>e</strong></span> <span class='ocrx_word' id='word_1_477' title='bbox 2073 4273 2261 4367; x_wconf 84' lang='lat' dir='ltr'><strong>republica</strong></span> <span class='ocrx_word' id='word_1_478' title='bbox 2288 4271 2352 4346; x_wconf 89' lang='lat' dir='ltr'><strong>sibi</strong></span> 
     </span>
     <span class='ocr_line' id='line_1_40' title="bbox 312 4371 2351 4481; baseline 0.001 -37"><span class='ocrx_word' id='word_1_479' title='bbox 312 4374 353 4444; x_wconf 89' lang='lat' dir='ltr'><strong>in</strong></span> <span class='ocrx_word' id='word_1_480' title='bbox 373 4374 589 4481; x_wconf 79' lang='lat' dir='ltr'><strong>Gemanica</strong></span> <span class='ocrx_word' id='word_1_481' title='bbox 620 4373 770 4448; x_wconf 82' lang='lat' dir='ltr'><strong>natione</strong></span> <span class='ocrx_word' id='word_1_482' title='bbox 797 4389 938 4449; x_wconf 75' lang='lat' dir='ltr'><strong>tanturn</strong></span> <span class='ocrx_word' id='word_1_483' title='bbox 962 4373 1015 4450; x_wconf 30' lang='lat' dir='ltr'><strong>sit*</strong></span> <span class='ocrx_word' id='word_1_484' title='bbox 1030 4379 1170 4452; x_wconf 86' lang='lat' dir='ltr'><strong>consilii</strong></span> <span class='ocrx_word' id='word_1_485' title='bbox 1193 4387 1229 4450; x_wconf 83' lang='lat' dir='ltr'><strong>el</strong></span> <span class='ocrx_word' id='word_1_486' title='bbox 1252 4377 1305 4448; x_wconf 75' lang='lat' dir='ltr'><strong>si·</strong></span> <span class='ocrx_word' id='word_1_487' title='bbox 1357 4371 1491 4463; x_wconf 72' lang='lat' dir='ltr'><strong>rideri,</strong></span> <span class='ocrx_word' id='word_1_488' title='bbox 1521 4391 1566 4450; x_wconf 80' lang='lat' dir='ltr'><strong>nt</strong></span> <span class='ocrx_word' id='word_1_489' title='bbox 1591 4377 1743 4451; x_wconf 76' lang='lat' dir='ltr'><strong>Carolus</strong></span> <span class='ocrx_word' id='word_1_490' title='bbox 1774 4371 1959 4449; x_wconf 73' lang='lat' dir='ltr'><strong>archidux</strong></span> <span class='ocrx_word' id='word_1_491' title='bbox 1990 4377 2160 4450; x_wconf 66' lang='lat' dir='ltr'><strong>,lustriae</strong></span> <span class='ocrx_word' id='word_1_492' title='bbox 2184 4377 2351 4470; x_wconf 83' lang='lat' dir='ltr'><strong>eligatur.</strong></span> 
     </span>
     <span class='ocr_line' id='line_1_41' title="bbox 312 4473 2350 4575; baseline 0.002 -29"><span class='ocrx_word' id='word_1_493' title='bbox 312 4475 429 4562; x_wconf 88' lang='lat' dir='ltr'><strong>rium,</strong></span> <span class='ocrx_word' id='word_1_494' title='bbox 459 4489 503 4548; x_wconf 89' lang='lat' dir='ltr'><strong>ut</strong></span> <span class='ocrx_word' id='word_1_495' title='bbox 522 4474 616 4548; x_wconf 84' lang='lat' dir='ltr'><strong>nibil</strong></span> <span class='ocrx_word' id='word_1_496' title='bbox 637 4501 735 4574; x_wconf 77' lang='lat' dir='ltr'><strong>opus</strong></span> <span class='ocrx_word' id='word_1_497' title='bbox 750 4480 955 4554; x_wconf 70' lang='lat' dir='ltr'><strong>silentem</strong></span> <span class='ocrx_word' id='word_1_498' title='bbox 968 4481 1088 4575; x_wconf 79' lang='lat' dir='ltr'><strong>Reges</strong></span> <span class='ocrx_word' id='word_1_499' title='bbox 1111 4504 1304 4560; x_wconf 76' lang='lat' dir='ltr'><strong>accersere.</strong></span> <span class='ocrx_word' id='word_1_500' title='bbox 1355 4481 1454 4554; x_wconf 80' lang='lat' dir='ltr'><strong>idem</strong></span> <span class='ocrx_word' id='word_1_501' title='bbox 1479 4473 1771 4554; x_wconf 70' lang='lat' dir='ltr'><strong>cum-rideretur</strong></span> <span class='ocrx_word' id='word_1_502' title='bbox 1794 4481 1890 4552; x_wconf 87' lang='lat' dir='ltr'><strong>Duci</strong></span> <span class='ocrx_word' id='word_1_503' title='bbox 1907 4480 2113 4566; x_wconf 56' lang='lat' dir='ltr'><strong>sarona,</strong></span> <span class='ocrx_word' id='word_1_504' title='bbox 2142 4481 2246 4552; x_wconf 88' lang='lat' dir='ltr'><strong>iubet</strong></span> <span class='ocrx_word' id='word_1_505' title='bbox 2271 4503 2350 4552; x_wconf 89' lang='lat' dir='ltr'><strong>eum</strong></span> 
     </span>
     <span class='ocr_line' id='line_1_42' title="bbox 310 4575 2351 4686; baseline 0.001 -34"><span class='ocrx_word' id='word_1_506' title='bbox 310 4579 502 4686; x_wconf 81' lang='lat' dir='ltr'><strong>Poltrerno</strong></span> <span class='ocrx_word' id='word_1_507' title='bbox 524 4577 812 4668; x_wconf 82' lang='lat' dir='ltr'><strong>hortantur,·nt</strong></span> <span class='ocrx_word' id='word_1_508' title='bbox 832 4583 963 4680; x_wconf 80' lang='lat' dir='ltr'><strong>aliquis</strong></span> <span class='ocrx_word' id='word_1_509' title='bbox 984 4587 1138 4678; x_wconf 85' lang='lat' dir='ltr'><strong>eligatur</strong></span> <span class='ocrx_word' id='word_1_510' title='bbox 1157 4611 1200 4658; x_wconf 80' lang='lat' dir='ltr'><strong>er</strong></span> <span class='ocrx_word' id='word_1_511' title='bbox 1213 4585 1304 4657; x_wconf 87' lang='lat' dir='ltr'><strong>Ger·</strong></span> <span class='ocrx_word' id='word_1_512' title='bbox 1340 4598 1564 4658; x_wconf 82' lang='lat' dir='ltr'><strong>constanter</strong></span> <span class='ocrx_word' id='word_1_513' title='bbox 1577 4584 1624 4653; x_wconf 88' lang='lat' dir='ltr'><strong>in</strong></span> <span class='ocrx_word' id='word_1_514' title='bbox 1645 4585 1822 4658; x_wconf 70' lang='lat' dir='ltr'><strong>mterrtia</strong></span> <span class='ocrx_word' id='word_1_515' title='bbox 1843 4575 2077 4670; x_wconf 69' lang='lat' dir='ltr'><strong>manere,&#39;ut</strong></span> <span class='ocrx_word' id='word_1_516' title='bbox 2094 4604 2275 4656; x_wconf 69' lang='lat' dir='ltr'><strong>coumnsu</strong></span> <span class='ocrx_word' id='word_1_517' title='bbox 2288 4605 2351 4656; x_wconf 89' lang='lat' dir='ltr'><strong>suo</strong></span> 
     </span>
     <span class='ocr_line' id='line_1_43' title="bbox 197 4681 2328 4790; baseline 0.002 -36"><span class='ocrx_word' id='word_1_518' title='bbox 197 4768 201 4778; x_wconf 31' lang='grc' dir='ltr'>Ι</span> <span class='ocrx_word' id='word_1_519' title='bbox 311 4684 457 4758; x_wconf 84' lang='lat' dir='ltr'><strong>maniae</strong></span> <span class='ocrx_word' id='word_1_520' title='bbox 487 4683 728 4779; x_wconf 65' lang='lat' dir='ltr'><strong>principissam</strong></span> <span class='ocrx_word' id='word_1_521' title='bbox 770 4699 806 4758; x_wconf 87' lang='lat' dir='ltr'><strong>et</strong></span> <span class='ocrx_word' id='word_1_522' title='bbox 837 4687 1070 4784; x_wconf 85' lang='lat' dir='ltr'><strong>pollicentur,</strong></span> <span class='ocrx_word' id='word_1_523' title='bbox 1105 4712 1168 4762; x_wconf 88' lang='lat' dir='ltr'><strong>sna</strong></span> <span class='ocrx_word' id='word_1_524' title='bbox 1201 4711 1313 4758; x_wconf 85' lang='lat' dir='ltr'><strong>anna·</strong></span> <span class='ocrx_word' id='word_1_525' title='bbox 1356 4691 1561 4761; x_wconf 83' lang='lat' dir='ltr'><strong>dubitantes</strong></span> <span class='ocrx_word' id='word_1_526' title='bbox 1573 4681 1791 4773; x_wconf 61' lang='lat' dir='ltr'><strong>invitarent,</strong></span> <span class='ocrx_word' id='word_1_527' title='bbox 1817 4699 1855 4758; x_wconf 89' lang='lat' dir='ltr'><strong>et</strong></span> <span class='ocrx_word' id='word_1_528' title='bbox 1867 4681 2108 4790; x_wconf 74' lang='lat' dir='ltr'><strong>reprrgbrutes</strong></span> <span class='ocrx_word' id='word_1_529' title='bbox 2127 4688 2328 4758; x_wconf 69' lang='lat' dir='ltr'><strong>rincment.</strong></span> 
     </span>
     <span class='ocr_line' id='line_1_44' title="bbox 310 4781 2349 4890; baseline 0.001 -32"><span class='ocrx_word' id='word_1_530' title='bbox 310 4811 386 4859; x_wconf 86' lang='lat' dir='ltr'><strong>nou</strong></span> <span class='ocrx_word' id='word_1_531' title='bbox 406 4786 573 4861; x_wconf 82' lang='lat' dir='ltr'><strong>defutura</strong></span> <span class='ocrx_word' id='word_1_532' title='bbox 596 4813 671 4861; x_wconf 85' lang='lat' dir='ltr'><strong>esse</strong></span> <span class='ocrx_word' id='word_1_533' title='bbox 686 4788 939 4862; x_wconf 82' lang='lat' dir='ltr'><strong>defendendae</strong></span> <span class='ocrx_word' id='word_1_534' title='bbox 947 4793 1200 4890; x_wconf 82' lang='lat' dir='ltr'><strong>tranquillitati</strong></span> <span class='ocrx_word' id='word_1_535' title='bbox 1212 4785 1311 4864; x_wconf 69' lang='lat' dir='ltr'><strong>Gen·</strong></span> <span class='ocrx_word' id='word_1_536' title='bbox 1460 4787 1902 4884; x_wconf 65' lang='lat' dir='ltr'><strong>cano&#39;tgimreoasttruce</strong></span> <span class='ocrx_word' id='word_1_537' title='bbox 1914 4781 1976 4862; x_wconf 86' lang='lat' dir='ltr'><strong>dle</strong></span> <span class='ocrx_word' id='word_1_538' title='bbox 1989 4792 2034 4860; x_wconf 86' lang='lat' dir='ltr'><strong>ad</strong></span> <span class='ocrx_word' id='word_1_539' title='bbox 2051 4788 2349 4862; x_wconf 80' lang='lat' dir='ltr'><strong>deliberationem</strong></span> 
     </span>
     <span class='ocr_line' id='line_1_45' title="bbox 311 4885 2350 4992; baseline 0.002 -33"><span class='ocrx_word' id='word_1_540' title='bbox 311 4892 467 4964; x_wconf 84' lang='lat' dir='ltr'><strong>maniae.</strong></span> <span class='ocrx_word' id='word_1_541' title='bbox 527 4889 698 4966; x_wconf 79' lang='lat' dir='ltr'><strong>Scribant</strong></span> <span class='ocrx_word' id='word_1_542' title='bbox 720 4906 756 4964; x_wconf 86' lang='lat' dir='ltr'><strong>et</strong></span> <span class='ocrx_word' id='word_1_543' title='bbox 778 4891 824 4966; x_wconf 85' lang='lat' dir='ltr'><strong>all</strong></span> <span class='ocrx_word' id='word_1_544' title='bbox 843 4888 1067 4968; x_wconf 76' lang='lat' dir='ltr'><strong>Leonem&#39;X.</strong></span> <span class='ocrx_word' id='word_1_545' title='bbox 1093 4896 1313 4968; x_wconf 84' lang='lat' dir='ltr'><strong>Romanum·</strong></span> <span class='ocrx_word' id='word_1_546' title='bbox 1354 4886 1597 4968; x_wconf 77' lang='lat' dir='ltr'><strong>Flectereelu</strong></span> <span class='ocrx_word' id='word_1_547' title='bbox 1613 4891 1760 4974; x_wconf 80' lang='lat' dir='ltr'><strong>Gmiam</strong></span> <span class='ocrx_word' id='word_1_548' title='bbox 1771 4885 2059 4965; x_wconf 61' lang='lat' dir='ltr'><strong>annosorum</strong></span> <span class='ocrx_word' id='word_1_549' title='bbox 2080 4892 2193 4992; x_wconf 85' lang='lat' dir='ltr'><strong>(quae</strong></span> <span class='ocrx_word' id='word_1_550' title='bbox 2215 4894 2350 4967; x_wconf 87' lang='lat' dir='ltr'><strong>dicitur</strong></span> 
     </span>
     <span class='ocr_line' id='line_1_46' title="bbox 312 4989 2352 5100; baseline 0 -36"><span class='ocrx_word' id='word_1_551' title='bbox 312 4996 540 5100; x_wconf 67' lang='lat' dir='ltr'><strong>pontificem,</strong></span> <span class='ocrx_word' id='word_1_552' title='bbox 570 5011 606 5068; x_wconf 87' lang='lat' dir='ltr'><strong>st</strong></span> <span class='ocrx_word' id='word_1_553' title='bbox 632 5010 778 5090; x_wconf 80' lang='lat' dir='ltr'><strong>petum,</strong></span> <span class='ocrx_word' id='word_1_554' title='bbox 812 5020 858 5068; x_wconf 90' lang='lat' dir='ltr'><strong>ne</strong></span> <span class='ocrx_word' id='word_1_555' title='bbox 884 5000 930 5072; x_wconf 87' lang='lat' dir='ltr'><strong>sit</strong></span> <span class='ocrx_word' id='word_1_556' title='bbox 951 5013 1063 5070; x_wconf 82' lang='lat' dir='ltr'><strong>auton</strong></span> <span class='ocrx_word' id='word_1_557' title='bbox 1078 4992 1314 5074; x_wconf 73' lang='lat' dir='ltr'><strong>llleclorrln&#39;r&#39;s·¹</strong></span> <span class='ocrx_word' id='word_1_558' title='bbox 1354 4995 1543 5090; x_wconf 73' lang='lat' dir='ltr'><strong>Romana)</strong></span> <span class='ocrx_word' id='word_1_559' title='bbox 1561 4989 1849 5076; x_wconf 71' lang='lat' dir='ltr'><strong>convenissests&#39;·</strong></span> <span class='ocrx_word' id='word_1_560' title='bbox 1871 4991 2109 5089; x_wconf 74' lang='lat' dir='ltr'><strong>Mogontinus</strong></span> <span class='ocrx_word' id='word_1_561' title='bbox 2129 4999 2222 5070; x_wconf 88' lang='lat' dir='ltr'><strong>bene</strong></span> <span class='ocrx_word' id='word_1_562' title='bbox 2241 5011 2352 5090; x_wconf 84' lang='lat' dir='ltr'><strong>para-</strong></span> 
     </span>
     <span class='ocr_line' id='line_1_47' title="bbox 312 5091 2348 5197; baseline -0 -31"><span class='ocrx_word' id='word_1_563' title='bbox 312 5095 466 5187; x_wconf 83' lang='lat' dir='ltr'><strong>rligendi</strong></span> <span class='ocrx_word' id='word_1_564' title='bbox 485 5096 596 5193; x_wconf 82' lang='lat' dir='ltr'><strong>Regis</strong></span> <span class='ocrx_word' id='word_1_565' title='bbox 619 5096 953 5197; x_wconf 63' lang='lat' dir='ltr'><strong>recantet-,qma</strong></span> <span class='ocrx_word' id='word_1_566' title='bbox 972 5103 1163 5182; x_wconf 75' lang='lat' dir='ltr'><strong>Gallorum</strong></span> <span class='ocrx_word' id='word_1_567' title='bbox 1187 5104 1303 5175; x_wconf 84' lang='lat' dir='ltr'><strong>domi-</strong></span> <span class='ocrx_word' id='word_1_568' title='bbox 1354 5116 1413 5175; x_wconf 84' lang='lat' dir='ltr'><strong>tas</strong></span> <span class='ocrx_word' id='word_1_569' title='bbox 1435 5091 1959 5184; x_wconf 56' lang='lat' dir='ltr'><strong>stramen-lauantemne</strong></span> <span class='ocrx_word' id='word_1_570' title='bbox 1975 5101 2212 5172; x_wconf 79' lang='lat' dir='ltr'><strong>sententiam.</strong></span> <span class='ocrx_word' id='word_1_571' title='bbox 2254 5097 2348 5171; x_wconf 82' lang='lat' dir='ltr'><strong>&#39;Nou</strong></span> 
     </span>
     <span class='ocr_line' id='line_1_48' title="bbox 311 5193 2395 5302; baseline 0.003 -32"><span class='ocrx_word' id='word_1_572' title='bbox 311 5199 413 5270; x_wconf 76' lang='lat' dir='ltr'><strong>nano</strong></span> <span class='ocrx_word' id='word_1_573' title='bbox 435 5200 476 5269; x_wconf 89' lang='lat' dir='ltr'><strong>iu</strong></span> <span class='ocrx_word' id='word_1_574' title='bbox 494 5201 693 5275; x_wconf 83' lang='lat' dir='ltr'><strong>Germania</strong></span> <span class='ocrx_word' id='word_1_575' title='bbox 715 5206 877 5298; x_wconf 81' lang='lat' dir='ltr'><strong>paritura</strong></span> <span class='ocrx_word' id='word_1_576' title='bbox 897 5200 1302 5301; x_wconf 74' lang='lat' dir='ltr'><strong>&#39;esset³ingentia·bella,</strong></span> <span class='ocrx_word' id='word_1_577' title='bbox 1354 5197 1482 5280; x_wconf 80' lang='lat' dir='ltr'><strong>dubito</strong></span> <span class='ocrx_word' id='word_1_578' title='bbox 1501 5197 1692 5302; x_wconf 70' lang='lat' dir='ltr'><strong>equidem„¹</strong></span> <span class='ocrx_word' id='word_1_579' title='bbox 1714 5193 2031 5298; x_wconf 66' lang='lat' dir='ltr'><strong>²prirr&#39;eip&#39;e&#39;nrorlei</strong></span> <span class='ocrx_word' id='word_1_580' title='bbox 2052 5207 2232 5274; x_wconf 73' lang='lat' dir='ltr'><strong>terram</strong></span> <span class='ocrx_word' id='word_1_581' title='bbox 2254 5199 2351 5271; x_wconf 78' lang='lat' dir='ltr'><strong>divi-</strong></span> <span class='ocrx_word' id='word_1_582' title='bbox 2390 5265 2395 5276; x_wconf 93' lang='lat'><em>.</em></span> 
     </span>
     <span class='ocr_line' id='line_1_49' title="bbox 319 5301 2352 5406; baseline -0.003 -25"><span class='ocrx_word' id='word_1_583' title='bbox 319 5376 526 5390; x_wconf 51' lang='lat'><strong>„-</strong></span> <span class='ocrx_word' id='word_1_584' title='bbox 726 5303 741 5381; x_wconf 73' lang='grc'><strong>.’</strong></span> <span class='ocrx_word' id='word_1_585' title='bbox 987 5329 1005 5366; x_wconf 85' lang='lat'><strong>·&#39;</strong></span> <span class='ocrx_word' id='word_1_586' title='bbox 1105 5382 1111 5392; x_wconf 79' lang='grc'>,</span> <span class='ocrx_word' id='word_1_587' title='bbox 1160 5358 1166 5374; x_wconf 70' lang='lat'><strong>,</strong></span> <span class='ocrx_word' id='word_1_588' title='bbox 1283 5301 1287 5311; x_wconf 81' lang='grc'><strong>’</strong></span> <span class='ocrx_word' id='word_1_589' title='bbox 1353 5301 1572 5382; x_wconf 65' lang='lat' dir='ltr'><strong>ntiae-nm:</strong></span> <span class='ocrx_word' id='word_1_590' title='bbox 1597 5322 1727 5388; x_wconf 78' lang='lat' dir='ltr'><strong>‘tamen</strong></span> <span class='ocrx_word' id='word_1_591' title='bbox 1745 5325 1831 5380; x_wconf 77' lang='lat' dir='ltr'><strong>enm</strong></span> <span class='ocrx_word' id='word_1_592' title='bbox 1849 5320 1977 5406; x_wconf 75' lang='lat' dir='ltr'><strong>nostra</strong></span> <span class='ocrx_word' id='word_1_593' title='bbox 2001 5303 2210 5400; x_wconf 83' lang='lat' dir='ltr'><strong>suffragatio</strong></span> <span class='ocrx_word' id='word_1_594' title='bbox 2224 5303 2352 5400; x_wconf 84' lang='lat' dir='ltr'><strong>requi·</strong></span> 
     </span>
     <span class='ocr_line' id='line_1_50' title="bbox 879 5402 2347 5506; baseline -0.005 -22"><span class='ocrx_word' id='word_1_595' title='bbox 879 5407 885 5416; x_wconf 87' lang='lat'>&#39;</span> <span class='ocrx_word' id='word_1_596' title='bbox 1221 5429 1225 5436; x_wconf 87' lang='lat'><em>·</em></span> <span class='ocrx_word' id='word_1_597' title='bbox 1354 5403 1906 5504; x_wconf 59' lang='lat' dir='ltr'><strong>rasm&#39;spatatanlvsaaneom</strong></span> <span class='ocrx_word' id='word_1_598' title='bbox 1931 5402 2109 5506; x_wconf 82' lang='lat' dir='ltr'><strong>optimum</strong></span> <span class='ocrx_word' id='word_1_599' title='bbox 2135 5408 2347 5490; x_wconf 76' lang='lat' dir='ltr'><strong>maximum,</strong></span> 
     </span>
    </p>
   </div>
   <div class='ocr_carea' id='block_1_5' title="bbox 347 5449 2400 5625">
    <p class='ocr_par' dir='ltr' id='par_1_5' title="bbox 347 5449 2400 5625">
     <span class='ocr_line' id='line_1_51' title="bbox 347 5449 2400 5625; baseline -0.006 -32"><span class='ocrx_word' id='word_1_600' title='bbox 347 5449 667 5596; x_wconf 47' lang='lat' dir='ltr'><strong>ttlpgoterppbqqc&#39;rattt.</strong></span> <span class='ocrx_word' id='word_1_601' title='bbox 682 5478 769 5625; x_wconf 34' lang='lat'><strong>¹⁵⁴⁴?</strong></span> <span class='ocrx_word' id='word_1_602' title='bbox 789 5480 876 5554; x_wconf 49' lang='grc' dir='ltr'><strong>Μ’</strong></span> <span class='ocrx_word' id='word_1_603' title='bbox 897 5480 982 5548; x_wconf 64' lang='lat'><strong>¹⁵⁸¹*</strong></span> <span class='ocrx_word' id='word_1_604' title='bbox 1002 5480 1096 5561; x_wconf 45' lang='lat'><strong>¹⁶3&amp;</strong></span> <span class='ocrx_word' id='word_1_605' title='bbox 1114 5453 1200 5541; x_wconf 42' lang='lat' dir='ltr'><strong>&#39;mist’</strong></span> <span class='ocrx_word' id='word_1_606' title='bbox 1215 5481 1301 5545; x_wconf 57' lang='grc' dir='ltr'><strong>Μ’</strong></span> <span class='ocrx_word' id='word_1_607' title='bbox 1354 5531 1400 5589; x_wconf 80' lang='lat' dir='ltr'><strong>ut</strong></span> <span class='ocrx_word' id='word_1_608' title='bbox 1416 5505 1925 5610; x_wconf 65' lang='lat' dir='ltr'><strong>nsattsbortralgutemei.</strong></span> <span class='ocrx_word' id='word_1_609' title='bbox 1976 5513 2118 5586; x_wconf 78' lang='lat' dir='ltr'><strong>Deinde</strong></span> <span class='ocrx_word' id='word_1_610' title='bbox 2137 5531 2263 5587; x_wconf 83' lang='lat' dir='ltr'><strong>censeo</strong></span> <span class='ocrx_word' id='word_1_611' title='bbox 2277 5533 2348 5584; x_wconf 87' lang='lat' dir='ltr'><strong>no-</strong></span> <span class='ocrx_word' id='word_1_612' title='bbox 2394 5607 2400 5622; x_wconf 34' lang='grc'><em>.</em></span> 
     </span>
    </p>
   </div>
   <div class='ocr_carea' id='block_1_6' title="bbox 0 0 2463 5956">
    <p class='ocr_par' dir='ltr' id='par_1_6' title="bbox 0 0 2463 5956">
     <span class='ocr_line' id='line_1_52' title="bbox 0 0 2463 5956; baseline 0 0"><span class='ocrx_word' id='word_1_613' title='bbox 0 0 2463 5956; x_wconf 95' lang='lat' dir='ltr'><strong> </strong></span> 
     </span>
    </p>
   </div>
  </div>
 </body>
</html>
