4920 5956
111 231 183 304 sss
453 315 457 325 ¹
742 222 1196 304 snnrrsuuurssn
1221 220 1364 296 vona.
1390 173 1569 293 1...ss
2058 229 2140 308 m

111 402 216 470 modo
243 395 421 470 Ecclesiae
459 397 617 480 cladem,
655 397 717 468 sed
754 396 830 466 vim
867 396 975 466 etiam
1013 395 1097 466 lidei
1149 388 1218 464 hoc
1241 405 1313 476 est,
1347 390 1434 472 «istut
1452 387 1660 487 κιθαρίζει),
1693 407 1733 463 nt
1751 394 1880 465 Graeci
1903 395 2047 482 dieunt,
2078 402 2141 475 sed

110 512 307 592 cognoscet.
358 499 452 572 Nam
477 523 558 570 curn
584 511 754 589 agnoscat
778 498 869 568 iram
889 497 977 580 Dei,
1002 497 1098 568 Pro-
1149 495 1255 586 cupio
1279 495 1432 565 excitare
1456 495 1699 573 iuventutern,
1731 518 1777 564 ne
1799 492 1868 565 hoc
1882 521 1993 588 genus
2009 490 2142 572 exerci-

109 599 213 696 pbeta
236 614 358 672 tamen
381 625 458 673 uon
478 600 619 672 dubitat
641 600 698 670 vel
725 600 856 672 iratum
881 611 989 692 atque
1012 598 1098 668 alie-
1148 597 1296 667 tationis
1319 596 1545 666 intermittat.
1596 595 1766 688 Magnam
1790 597 1887 668 enim
1910 599 1983 670 vim
2002 604 2141 696 pratia.

107 717 229 776 natum
259 702 396 776 adoriri
428 725 469 772 ac
498 702 747 794 interpellare,
782 715 817 773 et
840 727 858 772 a
884 701 1097 785 calamitatis
1149 721 1290 792 cunque
1322 699 1482 788 exempla
1513 721 1589 768 nou
1612 710 1751 768 tantum
1775 695 1902 770 inhac
1924 699 2141 786 nohabente

109 819 250 878 auctore
265 805 417 877 salutem
431 827 578 896 sperare
592 829 633 874 ac
648 827 806 896 poscere.
852 802 961 897 Quod
979 825 1097 874 exem-
1148 823 1234 870 nam
1258 812 1294 870 et
1309 797 1487 870 Hesiodus
1510 799 1649 893 inquit,
1677 801 1814 879 vicinos
1835 802 2142 884 vicinorumdili-
2177 853 2179 858 ·

108 909 204 1000 plum
219 919 394 1001 quantum
411 902 542 977 habeat
557 906 731 976 momenti
746 909 793 976 ad
811 906 1095 980 confirmandam
1148 901 1266 993 gentia
1289 903 1449 972 excitari.
1501 901 1622 993 Quare
1642 925 1808 993 magnam
1827 903 1893 976 tibi
1908 908 2063 996 gratiam
2078 904 2141 978 ha·

108 1009 203 1101 piam
231 1022 409 1090 mentem,
448 1008 552 1078 facile
578 1009 796 1099 intelligent,
827 1009 891 1101 qui
913 1001 1095 1078 Christum
1148 1005 1217 1074 beo
1239 1027 1306 1095 pro
1329 1003 1439 1074 misso
1461 1003 1619 1073 Psalmo.
1669 1003 1787 1095 Digna
1810 1007 1917 1097 plane
1940 1009 2062 1083 divina
2078 1010 2140 1088 illa

108 1113 254 1202 propius
268 1121 417 1184 norunt.
907 1185 912 1191 ,
1148 1107 1203 1176 vis
1225 1105 1360 1197 ingenii
1381 1105 1435 1176 tui
1457 1118 1528 1188 est,
1564 1127 1657 1198 quae
1678 1120 1840 1182 versetur
1860 1109 1900 1177 in
1927 1111 2140 1200 gravissimo

104 1243 107 1250 -
1147 1203 1330 1300 Propheta
1350 1207 1576 1278 illustrando.
1627 1205 1702 1280 Nos
1718 1232 1835 1300 nuper
1854 1222 2036 1306 utcunque
2059 1215 2140 1284 red-

702 1341 756 1405 ffl,
772 1345 865 1420 April.
887 1345 956 1402 sant
978 1337 1074 1406 1520·
1148 1310 1305 1382 didimus
1318 1308 1521 1380 Psalmum:
1555 1307 1653 1380 Deus
1675 1311 1773 1380 stetit
1793 1313 1832 1380 in
1847 1337 2028 1406 synagoga
2044 1313 2140 1386 Dee-

404 1461 409 1473 ·
689 1424 1088 1472 w
1148 1410 1290 1506 rum¹),
1324 1407 1421 1482 hunc
1443 1406 1689 1504 typographus
1710 1411 1931 1484 Dialecticae
1950 1439 2053 1489 meae
2073 1441 2140 1488 nu·

422 1513 594 1582 Boluso
623 1515 771 1583 Hesso.
880 1547 883 1554 ·
1078 1520 1080 1530 '
1148 1511 1292 1606 perhic
1313 1513 1431 1584 editae
1450 1512 1608 1596 addidit,
1637 1537 1717 1585 cunt
1740 1515 1885 1608 quidem
1900 1539 1976 1588 non
1993 1519 2140 1593 essetin

172 1627 316 1682 eneam
330 1625 396 1678 usn
414 1625 458 1678 aa
473 1625 617 1690 urano:
650 1627 786 1682 num
805 1628 944 1684 σινιιι.
969 1627 1097 1696 (cnut
1148 1612 1218 1687 hoe
1233 1615 1405 1707 scriptus,
1431 1627 1472 1684 nt
1493 1614 1748 1706 publicaretur.
1800 1617 1859 1688 Tu
1879 1619 1911 1690 si
1932 1622 2079 1714 qnando
2099 1621 2139 1693 in

206 1695 1098 1827 ffiffljssfflm'ssss‘ssffim'ssfflffffi
1149 1719 1250 1790 illurn
1276 1718 1392 1787 obiter
1413 1715 1568 1800 incides,
1606 1719 1749 1786 veniam
1776 1719 1877 1789 dabis
1898 1715 1988 1790 mihi
2007 1745 2139 1814 parum

207 1835 234 1888 u
253 1833 355 1888 sessu
371 1831 504 1896 unua,
525 1845 562 1884 ss
579 1833 666 1902 Eam.
688 1833 765 1886 csso.
800 1836 827 1886 s.
1149 1832 1333 1938 assecuto,
1358 1819 1455 1912 quod
1478 1831 1626 1889 conatus
1648 1843 1739 1937 sum.
1791 1816 1889 1892 Nihil
1907 1838 2051 1913 praeter
2065 1835 2139 1894 stu·

193 1971 374 2112 Mtte
397 1968 643 2040 mamm.
669 1971 807 2042 m...
833 1975 940 2044 ΗΜ
966 1975 1006 2044 ⁵·
1148 1916 2139 2120 itt..t.lt.ti.attttlztltaff‘ttitl‘l

205 2105 357 2176 Mirifice
370 2105 506 2198 placuit
520 2103 684 2174 Psalmus
699 2117 780 2176 tuus
796 2129 911 2198 nuper
927 2101 997 2180 huc
1013 2105 1097 2178 mis·
1148 2151 1193 2219 Β,
1213 2127 1343 2196 munt
1364 2125 1410 2194 ab
1434 2124 1516 2207 5110,
1550 2123 1607 2194 cui
1628 2120 1804 2194 honorem
1827 2127 1987 2199 nomini,
2007 2129 2140 2220 poetici

108 2231 287 2291 ⁵11⁸,ss011
310 2220 451 2278 mlum
476 2201 588 2289 mihis
619 2207 680 2278 ted
703 2219 738 2276 ei
760 2203 941 2292 Lulhffl,
974 2207 1098 2292 l⁰ss³⁰2
1148 2228 1259 2299 tribui
1275 2225 1451 2321 permittit
1462 2223 1654 2309 Horatius,
1680 2228 1742 2298 sed
1764 2227 1900 2300 desino.
1952 2227 2071 2322 Opto,
2096 2244 2138 2301 ut

107 2309 260 2404 denique
275 2309 445 2380 universo
459 2306 627 2380 sodalitio
642 2321 779 2382 nostro.
805 2308 948 2379 Habent
963 2309 1002 2380 in
1020 2333 1098 2378 ma·
1147 2331 1348 2402 [ditissime
1368 2353 1449 2398 eum
1473 2342 1550 2398 2020
1573 2328 1709 2396 familia
1731 2332 1861 2402 valea„
1912 2330 2139 2404 wissenbet.

106 2409 228 2497 nibus,
263 2411 388 2504 legunt
411 2411 561 2482 studiosi
587 2433 723 2482 omnes.
788 2409 923 2482 Scitum
947 2425 1017 2495 est,
1052 2413 1096 2484 de
1148 2455 1213 2528 gae
1233 2429 1349 2524 pridie
1365 2427 1554 2513 s,12cobi‚
1583 2423 1694 2504 1529,

107 2513 222 2585 alieno
238 2513 392 2608 gratiam
410 2511 513 2586 inire.
552 2509 590 2583 ld
607 2536 753 2606 quoque
767 2536 987 2607 consequor,
1014 2537 1096 2584 cum

106 2615 174 2686 illis
195 2616 337 2708 copiam
361 2613 454 2684 facio
470 2613 524 2685 tui
537 2615 725 2706 poematis.
773 2615 865 2686 Nam
883 2611 973 2684 mibi
987 2616 1095 2686 etiarn

106 2719 231 2788 debere
256 2741 294 2788 se
317 2717 527 2810 praedicant
549 2716 745 2786 liberaliter
767 2717 989 2810 impartienti
1010 2717 1096 2810 ipsis
1182 2710 2139 2846 ”iffi-¹23⁰‘fffflffffifflffltfffflffifflffio

107 2819 192 2894 tales
215 2818 368 2890 delitias.
420 2817 497 2910 Ego
513 2841 600 2888 vero
619 2817 846 2910 cupidissime
864 2821 1013 2907 ostendo
1030 2813 1096 2890 hu·
1215 2848 1335 2902 sensu:
1371 2847 1498 2900 mm
1520 2848 1615 2914 graus
1631 2850 1703 2900 sm
1719 2849 1858 2904 pm„
1872 2852 1917 2901 ει,
1934 2851 1979 2902 s„
1998 2849 2137 2902 mrum.

107 2921 262 2994 iusmodi
281 2920 434 3015 scripta,
460 2933 501 2990 ut
524 2921 568 2988 ad
588 2915 678 2990 haec
693 2920 810 2992 studia
828 2922 976 2992 colenda
996 2922 1096 2992 etad
1215 2930 1292 3036 ἢ
1307 2913 2136 3051 ἰῖἒξῖξέζξὶἪῗξίῖξῆἱῧὶξζίᾝᾶΒὲᾟέἴοθξῗ

107 3021 345 3100 imitationem
378 3023 502 3094 talium
531 3021 776 3114 exemplorum
805 3023 945 3120 aliquos
972 3045 1095 3095 acceu-
1215 3053 1269 3105 uo.
1284 3055 1327 3106 sr-
1346 3053 1411 3109 m.
1429 3056 1488 3119 fla,
1506 3057 1674 3118 wrm„
1690 3057 1717 3110 a,
1732 3056 1751 3106 t.
1770 3055 1915 3111 ommim,

108 3126 199 3202 dam.
225 3124 365 3198 Eodem
381 3123 530 3196 consilio
544 3149 666 3196 versus
680 3123 860 3196 interdurn
875 3126 952 3218 ipse
964 3125 1095 3208 scribo,
1510 3138 1514 3152 ¹

127 1345 184 1404 No.
205 1342 260 1407 20.

115 1424 283 1458 *aaa

1149 2599 1354 2618 „an-..nfi—

231 3565 285 3628 uis
305 3563 540 3627 Pessiadosibus
566 3583 585 3624 a
606 3564 756 3628 Strobelio
775 3565 905 3632 collectis
926 3564 1061 3627 usi-n
1078 3511 1220 3623 :basceio
1240 3563 1387 3641 prioribus
1409 3517 1494 3625 buius
1514 3563 1605 3642 Corp.
1627 3564 1828 3636 voluminibus
1849 3564 1987 3627 omissas:

136 3753 193 3814 Ns.
218 3751 248 3814 t.
898 3769 976 3812 anno
991 3744 1086 3812 1524.
1148 3747 1281 3832 tiabat,
1306 3761 1343 3818 et
1360 3760 1482 3836 erant,
1507 3749 1611 3843 quia
1634 3751 1747 3824 tauris
1764 3774 1897 3823 nomeu
1914 3751 2137 3829 derivabant.

113 3831 282 3860 Μ
888 3829 1095 3864 Μ
1120 3920 1122 3938 1
1148 3848 1285 3934 Credo,
1318 3854 1416 3948 quod
1438 3850 1477 3918 in
1498 3865 1622 3924 tauros
1646 3852 1729 3935 alii,
1757 3853 1819 3922 alii
1841 3853 1880 3920 in
1896 3855 2016 3925 asinos
2032 3855 2136 3946 dege·

505 3925 564 3991 1‘0
569 3925 695 3992 ΜΗ·
1146 3965 1336 4044 necarant,
1362 3954 1578 4047 etymologia
1593 3953 1653 4024 illa
1670 3955 1863 4026 delectatos
1882 3981 1968 4028 esse.
2020 3955 2137 4026 Maio-

171 4033 315 4086 t’rsetstto
337 4032 365 4083 in
390 4030 489 4084 tibrum
512 4033 552 4084 sto
576 4033 755 4097 inscriptum:
798 4035 925 4088 Mutat
950 4037 1093 4091 ltetsora.

209 4103 442 4167 mmm
460 4103 678 4156 unffi
703 4105 825 4170 ,m
840 4105 895 4160 m
906 4107 1082 4171 a-nstgn.
1145 4037 1353 4127 resumere
1369 4057 1510 4131 finxisse
1525 4055 1724 4128 Homerum
1746 4057 1911 4128 arbitrati
1930 4059 2033 4140 sunt,
2059 4057 2137 4128 Cir-

204 4171 313 4224 sssnu.
331 4183 494 4252 annuum,
511 4173 538 4224 s.
557 4171 623 4224 nin.
641 4173 705 4232 (tot.
724 4175 747 4222 a
760 4171 796 4224 st
820 4173 888 4226 esu.
902 4141 1095 4256 ualeamus!
1146 4179 1202 4227 ces
1234 4159 1371 4250 poculis
1400 4160 1574 4252 quosdam
1603 4159 1753 4230 inlectos
1787 4159 1944 4230 induisse
1976 4161 2135 4230 ferarum

204 4239 450 4360 fflfflfflfn
463 4239 656 4361 ‘ffgnffl'gd'
669 4239 1094 4363 {nzfnssffisspffil’ffi
1145 4260 1290 4376 formas.
1341 4263 1389 4328 At
1410 4273 1532 4331 nostra
1548 4273 1645 4330 aetas
1658 4261 1748 4335 vidit
1766 4261 1879 4330 multo
1897 4260 2080 4335 verissime
2098 4263 2135 4347 ip

204 4379 392 4430 structorum
409 4378 506 4438 ttssr).
541 4377 592 4432 uta
609 4379 722 4429 ttssttas
740 4378 768 4430 ta
784 4391 845 4431 nes
856 4381 1025 4434 uttttostaas
1039 4389 1091 4432 en.
1144 4361 1274 4434 bestias
1295 4363 1487 4456 plerosque
1508 4375 1665 4433 mutatos
1687 4387 1761 4434 esse
1781 4364 1966 4454 degustata
1980 4364 2136 4434 barbara

1145 4462 1206 4531 illa
1236 4475 1270 4532 et
1299 4477 1466 4556 corrupta
1494 4465 1671 4534 doctrina.
1731 4465 1890 4536 Proinde
1917 4466 2071 4558 optarim
2097 4465 2135 4536 iu

1146 4561 1310 4658 physicas
1328 4562 1468 4637 scholas
1484 4566 1618 4661 ubique
1634 4568 1775 4658 explosa
1793 4569 1936 4639 tandem
1954 4568 2147 4651 barbarie,

203 4666 408 4739 Prudenter
437 4663 496 4736 hic
518 4669 749 4744 constitutum
773 4682 844 4752 est,
877 4681 917 4738 ut
938 4663 997 4751 hi,
1031 4669 1094 4762 qui
1146 4668 1278 4739 accersi
1298 4664 1367 4744 hos
1388 4668 1546 4740 Pontani
1566 4668 1723 4752 libellos,
1755 4672 1900 4762 qnando
1927 4692 1967 4738 ea
1994 4683 2047 4738 est
2066 4669 2136 4738 cla-

103 4759 354 4860 physiologian
375 4773 537 4852 tradunt,
559 4794 627 4860 pro
642 4770 798 4840 rancidis
815 4771 1094 4854 commentariis,
1145 4770 1266 4862 gantia
1286 4771 1475 4853 carminis,
1500 4783 1540 4840 ut
1554 4771 1657 4840 facile
1674 4773 1811 4862 opponi
1825 4768 1994 4841 vetustati
2011 4769 2136 4862 possit,

104 4870 165 4961 qui
189 4873 299 4964 paulo
318 4886 400 4942 ante
419 4874 458 4942 in
470 4867 601 4944 scholis
614 4874 831 4963 regnabant„
857 4873 1093 4965 interpreten-
1147 4885 1181 4942 et
1195 4896 1252 4943 res
1267 4872 1365 4964 ipsae
1381 4873 1657 4964 prudentissime
1675 4875 1860 4942 docentur.
1911 4872 2033 4948 Porro.
2054 4897 2133 4942 cum

105 4981 162 5040 tur
191 4977 337 5066 praeter
368 4975 458 5046 alios
489 4976 605 5048 bonos
633 4976 844 5069 scriptores,
882 4990 916 5046 et
935 4974 1093 5046 Pontani
1145 4975 1234 5070 boni
1256 4999 1380 5046 omnes
1401 4975 1503 5046 unice
1529 4976 1777 5048 exosculantur
1795 4974 2020 5064 Pontausun,
2059 4987 2135 5044 tum

104 5075 282 5174 μετέωρα.
348 5076 441 5148 Nam
474 5090 578 5150 antea
605 5102 718 5171 usque
746 5081 835 5148 adeo
861 5079 1095 5150 tradebantur
1144 5073 1350 5169 Alpbonsus
1361 5076 1622 5169 Neapolitanus
1636 5101 1698 5148 rex
1713 5076 1804 5159 tanti
1825 5077 1928 5159 fecit,
1949 5087 1992 5146 ut
2009 5075 2135 5148 solitus

106 5179 226 5247 omnia
245 5178 395 5263 insulse,
421 5192 463 5250 ut
483 5204 615 5250 nomen
633 5181 740 5250 etiam
754 5180 871 5272 ipsum
889 5205 931 5250 ac
950 5181 1093 5252 titulum
1146 5179 1192 5248 sit
1208 5177 1347 5270 Regum
1373 5193 1435 5250 aut
1458 5181 1673 5271 populorum
1697 5178 1822 5270 legatis
1843 5179 1889 5246 ad
1908 5201 1945 5248 se
1962 5172 2136 5257 venienti-

104 5278 272 5378 μετέωρα
294 5281 522 5372 corruperint
544 5305 585 5352 ac
604 5283 879 5375 concerpserint.
932 5283 1094 5354 Oincre-
1146 5282 1233 5366 bus,
1275 5305 1354 5352 curn
1385 5283 1484 5354 urbis
1512 5305 1598 5373 opes
1623 5293 1730 5374 atque
1759 5291 1972 5350 ornamenta
1996 5278 2133 5370 reliqua

106 5381 250 5452 dibilem
269 5383 480 5454 amentiam!
512 5385 629 5456 Nemo
643 5409 719 5458 non
735 5398 918 5459 metaurus
933 5409 1095 5478 prouuu-
1148 5385 1269 5454 omnia
1286 5384 1509 5471 ostendisset,
1530 5387 1574 5452 ad
1593 5396 1790 5454 extremum
1806 5380 2033 5474 spectandam
2051 5401 2135 5470 pro·

239 4533 349 4602 Phil.
375 4519 686 4602 Melancltdon
712 4533 886 4602 Lectori
913 4535 953 4604 S.
