4910 5964
152 301 154 306 ·
291 281 365 360 us
912 278 1039 356 ιιιι.
1064 277 1179 350 ιιι.
1205 274 1410 351 scarras
1441 271 1768 350 ursaonae·
1822 281 1899 338 ω
2013 221 2067 345 ,2³
2253 275 2333 354 ιιι

290 455 397 526 rebus
430 452 619 546 ambiguis.
685 450 765 546 Ego
797 476 884 524 vero
911 453 1008 526 certa
1036 465 1072 522 et
1098 451 1283 544 explorata
1336 473 1403 522 nec
1417 447 1553 541 Belgae
1569 469 1637 520 nec
1656 448 1838 522 Austriaci
1859 447 2054 542 parerent?
2104 446 2153 518 Et
2174 461 2215 520 ιιι
2234 449 2329 520 lutu-

291 580 550 630 commemoro.
615 551 692 626 Iam
721 555 838 640 enim,
873 568 914 626 ut
939 555 1034 639 diri,
1066 555 1199 626 bellum
1222 555 1284 623 de·
1335 555 1418 626 runi
1432 576 1509 624 non
1526 551 1667 638 dubito,
1686 553 1721 624 si
1732 552 1866 623 bellum
1882 553 2084 630 interduos
2098 551 2227 642 Reges,
2243 550 2332 622 Gal·

289 658 496 732 nuntiatum
520 672 592 744 est,
617 658 812 751 conscripti
829 659 1023 742 exercitus,
1050 683 1141 752 quos
1161 659 1283 726 tamen
1335 655 1445 726 licum
1471 667 1508 724 et
1527 653 1783 748 Hispanicum,
1815 655 1855 726 in
1874 653 2040 746 Belgica,
2075 666 2143 726 aut·
2160 654 2200 724 in
2223 652 2329 724 ltalia

289 764 385 834 fama
416 773 562 841 nostrae
591 762 798 847 electionis,
829 760 861 834 si
892 761 983 834 alins
1006 760 1117 832 luerit
1140 761 1283 842 electus,
1336 756 1511 828 oriretur:
1544 779 1592 828 an
1616 754 1835 851 Imperator,
1862 758 1959 828 ιιιιιι
1972 756 2119 830 ⁴otiosus
2134 761 2331 850 spectator,

289 864 393 937 lacile
416 863 602 957 reprimet.
1333 859 1468 932 elueret
1491 862 1581 931 duas
1603 873 1741 933 exteras
1756 861 1922 932 nationes
1937 859 2096 952 diripere
2110 861 2244 931 bonam
2261 859 2331 928 im-

297 977 320 1024 ·'
393 966 517 1060 Quare
547 979 589 1040 ιιι
609 965 734 1038 finiam
756 960 851 1036 hanc
874 966 1176 1064 disputationem,
1209 961 1284 1057 pri-
1335 963 1428 1056 perii
1452 962 1619 1056 partam?
1671 961 1794 1058 Quid?
1827 965 1926 1058 quod
1949 962 2019 1056 ipsi
2040 962 2220 1056 principes
2239 961 2331 1033 Ger·

289 1095 390 1142 mum
414 1071 490 1161 lege
513 1083 548 1140 ιι
570 1069 777 1142 iuramento
798 1068 968 1163 impediri
982 1094 1050 1142 nos
1066 1090 1212 1149 censeo,
1236 1090 1284 1135 ne
1337 1065 1498 1149 maniae,
1524 1079 1565 1137 ιιι
1578 1090 1675 1137 nunc
1689 1079 1774 1138 sunt
1790 1089 1928 1151 mores,
1952 1076 2074 1158 spreto
2090 1090 2157 1138 suo
2170 1064 2330 1158 Impera·

289 1173 425 1264 Regem
442 1173 622 1244 Gallicum
630 1171 869 1244 ,Franciscum
884 1175 930 1244 ad
943 1171 1089 1268 imperii
1100 1167 1282 1261 fastigium
1335 1181 1434 1252 tore,
1459 1168 1523 1238 alii
1537 1193 1575 1240 se
1591 1193 1672 1242 curn
1690 1169 1906 1254 Austriacis,
1932 1169 1994 1239 alii
2013 1193 2093 1238 curn
2108 1169 2223 1240 Gallis
2244 1193 2329 1238 con-

291 1272 497 1350 evebamns.
548 1273 689 1346 Deinde
706 1275 835 1358 etiam,
860 1277 892 1348 si
907 1277 1037 1368 eligere
1052 1299 1133 1346 eum
1147 1273 1283 1356 liceret,
1335 1270 1506 1363 iungant?
1555 1271 1609 1342 ,Ut
1623 1271 1733 1366 igitur
1752 1273 1893 1366 lepores
1905 1272 2080 1343 dicuntur
2095 1273 2228 1344 frustm
2244 1295 2330 1342 con-

290 1402 418 1450 censeo
440 1378 478 1448 id
498 1401 574 1448 non
596 1401 670 1451 esse
689 1403 708 1448 e
725 1378 928 1472 republica,
954 1381 1017 1454 sed
1034 1380 1195 1452 futurum
1210 1374 1284 1444 ιιι-
1336 1373 1474 1444 cionari
1502 1374 1687 1460 leonibus,
1727 1377 1776 1446 ita
1806 1376 1943 1448 sedebit
1967 1387 2091 1446 noster
2111 1373 2331 1468 Imperator,

289 1481 373 1554 tiale
395 1480 615 1552 Germaniae
643 1495 680 1552 et
705 1475 866 1554 fortassis
888 1479 1283 1570 nniversaeEuropae.
1336 1477 1434 1548 velut
1457 1477 1578 1569 lepus,
1611 1479 1725 1549 edicta
1749 1501 1968 1572 componens
1988 1477 2172 1563 leonibus,
2204 1477 2330 1548 videli-

291 1585 415 1679 Quare
448 1586 623 1676 profiteor
656 1608 715 1654 me
745 1584 918 1677 suffragio
944 1609 1026 1656 meo
1050 1605 1281 1680 nequaquam
1335 1587 1391 1650 cet
1416 1579 1493 1652 istis
1513 1579 1688 1672 Regibus:
1733 1605 1825 1676 quae
1849 1583 1963 1652 edicta
1988 1581 2177 1652 derideant
2202 1587 2329 1652 omnes

288 1710 467 1760 accersere
484 1687 631 1758 Gallum
647 1688 694 1757 ad
708 1687 915 1780 imperium.
1335 1693 1477 1754 exterae
1503 1686 1679 1756 nationes.
1732 1685 1854 1756 Minus
1874 1684 2026 1778 periculi
2046 1683 2133 1769 luit,
2167 1707 2249 1754 cum
2272 1705 2329 1754 re-

391 1789 545 1862 Restant
558 1792 650 1862 duae
665 1789 935 1862 deliberationis
949 1802 1083 1909 partes,
1109 1809 1157 1860 an
1172 1785 1283 1857 Caro-
1335 1798 1462 1878 gnarct
1484 1785 1691 1866 asscensus
1713 1784 1790 1858 lll..
1830 1799 2010 1860 ettamen
2033 1785 2201 1858 dedecori
2224 1787 2330 1858 nobis

288 1895 345 1968 lus
365 1893 413 1964 sit
433 1892 637 1985 eligendus,
663 1905 726 1964 aut
742 1893 834 1966 alius
850 1893 1029 1990 quispiam
1046 1888 1283 1964 Germanicus
1334 1888 1420 1971 luit,
1457 1900 1542 1970 tunc
1566 1889 1805 1984 Burguudum
1836 1891 1932 1962 serre
1963 1891 2064 1982 signa
2097 1913 2162 1983 per
2192 1890 2328 1960 bonam

288 1995 467 2088 princeps.
511 1995 609 2066 llaec
633 1997 845 2068 deliberatio
863 1997 978 2068 multo
997 1991 1283 2066 mihidifficilior
1334 1991 1551 2062 Germaniae
1574 2007 1733 2085 partem;
1766 1989 1976 2086 Philippum
2000 1992 2190 2066 Mariam'
2179 2017 2329 2085 impune

288 2111 352 2170 ιιι.
373 2097 468 2172 Nam
477 2098 663 2170 charolo
679 2100 811 2192 opinor
826 2101 1184 2194 plerosqnevestrum
1198 2119 1283 2215 pro·
1333 2093 1489 2186 grassari
1504 2093 1544 2164 in
1560 2092 1682 2175 ltalia;
1717 2096 1803 2166 alibi
1820 2097 1928 2167 etiam
1946 2093 2328 2188 circumsederilmpe·

287 2214 369 2295 pter
392 2201 524 2274 multas
548 2225 675 2294 graves
701 2227 824 2275 causas
843 2202 1031 2288 dubitare,
1057 2225 1151 2298 quae
1172 2199 1281 2271 etiam
1334 2208 1493 2268 satorem
1515 2199 1555 2268 in
1574 2198 1651 2290 ipsa
1666 2197 1831 2284 Austris,
1863 2225 1930 2270 nec
1950 2199 2020 2271 nisa
2008 2195 2248 2272 Bohemicis
2265 2223 2327 2270 au·

288 2329 415 2398 meum·
437 2304 599 2378 animum
631 2329 708 2378 non
736 2305 865 2378 leviter
896 2318 1056 2378 movent.
1115 2303 1281 2375 Primum
1334 2298 1428 2370 siliis
1455 2300 1624 2387 liberari,
1659 2315 1840 2394 postremo
1867 2305 1913 2374 ab
1936 2301 2118 2396 Hungaris
2143 2301 2230 2396 pelli
2257 2304 2328 2376 Au-

288 2407 463 2500 llispania
485 2408 591 2501 longe
614 2408 736 2480 dissita
762 2421 816 2480 est
835 2433 855 2478 a
877 2408 1096 2492 Germania,
1123 2407 1221 2501 quod
1242 2417 1283 2475 ut
1334 2401 1442 2486 stria,
1477 2417 1512 2474 et
1536 2403 1617 2472 eiici
1643 2429 1685 2475 ιιι
1709 2405 1783 2478 suis
1808 2406 1959 2476 laribus:
2001 2426 2083 2478 curn
2109 2404 2257 2500 quidem
2286 2428 2329 2476 ea

288 2509 447 2580 libertati
467 2522 613 2582 nostrae
632 2511 744 2583 tutius
766 2511 928 2596 videtur,
961 2512 1032 2597 ita,
1064 2510 1094 2582 ιι
1109 2509 1281 2580 Carolum
1335 2515 1450 2574 aetate
1464 2501 1613 2577 haberet
1628 2509 1840 2581 coniunctos
1854 2509 2052 2602 principes,
2078 2532 2201 2581 meum
2218 2532 2328 2578 avum

290 2611 503 2683 detinebunt
519 2611 735 2706 Hispaniae,
760 2613 897 2685 interea
919 2613 996 2686 sine
1020 2611 1221 2708 praesidio,
1246 2622 1283 2680 ιι
1334 2602 1583 2680 Marchionem
1601 2610 1810 2695 Albertum,
1843 2613 1975 2682 fortem
1997 2625 2034 2682 ct
2052 2611 2251 2706 sapientem
2274 2610 2329 2680 ιι·

289 2715 367 2788 sina
390 2717 537 2786 custode
562 2716 727 2809 publicae
748 2716 1021 2813 tranquillitatis
1045 2715 1114 2786 erit
1131 2715 1282 2787 Germa·
1335 2733 1437 2793 curn,
1465 2723 1499 2784 et
1515 2712 1704 2784 Albertum
1721 2714 1899 2785 Sasoniae
1915 2714 2067 2788 Ducem.
2117 2714 2219 2808 Quid
2234 2738 2331 2786 nunc

289 2819 362 2890 nia.
415 2817 471 2916 Et
487 2819 544 2889 vel
560 2819 709 2891 ‘l'urcici
723 2821 811 2891 belli
825 2845 953 2904 causa,
980 2821 1038 2891 ιιι
1052 2831 1201 2939 propter
1218 2819 1283 2888 do·
1334 2814 1454 2896 lieret,
1488 2838 1570 2886 curn
1594 2816 1707 2890 exteri
1731 2841 1834 2909 ceges
1854 2813 2031 2890 haberent
2044 2815 2106 2888 alii
2122 2817 2214 2889 alios
2231 2816 2330 2911 prin·

289 2920 455 2992 mesticos
476 2920 680 3013 principum
702 2924 897 3007 tumultus,
930 2923 1119 2995 necessitas
1139 2920 1281 3014 publica
1335 2914 1431 3007 cipes
1452 2916 1638 3010 stipendiis
1654 2917 1855 3012 obligatos?
1907 2919 1954 2990 Et
1969 2943 2080 3016 quam
2097 2921 2234 2992 multae
2247 2943 2331 2991 cau·

290 3022 448 3114 flagitat,
482 3035 524 3094 nt
556 3024 698 3096 velut
687 3048 726 3095 ιιι
758 3027 913 3098 statione
945 3025 1039 3098 adsit
1068 3023 1282 3117 Imperator.
1335 3041 1395 3090 sae
1412 3017 1571 3092 incidere
1585 3035 1755 3115 possunt,
1783 3023 1839 3093 vel
1854 3023 2078 3117 principibus
2098 3023 2154 3094 vel
2178 3021 2332 3094 civitati-

290 3123 414 3246 Quid?
447 3125 480 3198 si
502 3125 609 3196 etiam
635 3127 755 3199 subito
779 3129 858 3199 de'
847 3129 1023 3223 imperio,
1055 3142 1119 3199 aut
1138 3129 1183 3198 de
1200 3125 1284 3196 reli·
1334 3121 1402 3192 hus
1424 3121 1677 3196 detractandae
1704 3124 1947 3196 obedientiae!
2013 3123 2193 3196 Videntur
2220 3126 2331 3196 etiam

290 3229 398 3322 gione
415 3227 587 3300 exarserit
602 3230 723 3325 aliqua
740 3230 894 3302 seditio?
935 3230 1114 3327 Equidem
1133 3225 1284 3323 perhor·
1336 3226 1380 3294 de
1384 3224 1570 3346 religione
1586 3226 1795 3320 impendere
1808 3223 2001 3300 horribiles
2018 3230 2204 3302 tumultus.
2237 3229 2333 3302 Sunt
2445 3315 2446 3318 Ἴ

290 3355 410 3415 ιιιιο,
437 3332 618 3424 cogitans,
645 3347 822 3428 quantum
845 3349 931 3406 tunc
945 3331 1113 3405 habitura
1129 3334 1176 3405 ιιι
1189 3357 1284 3425 perr
1336 3325 1433 3399 enim
1454 3329 1592 3402 semina
1614 3330 1687 3402 iarn
1710 3355 1834 3424 sparsa
1858 3330 1902 3401 de
1922 3332 2175 3424 indulgentiis,
2200 3333 2245 3400 de
2259 3355 2332 3422 po-

290 3435 361 3506 culi
375 3429 464 3506 haec
479 3435 580 3506 natio
597 3437 742 3508 absente
757 3434 991 3558 Imperatore.
1025 3437 1161 3508 Fateor
1176 3431 1284 3506 huius
1336 3441 1461 3502 testate
1484 3429 1689 3526 pontificia,
1723 3437 1767 3504 de
1788 3436 1982 3506 autoritate
1999 3431 2329 3506 Ecclesiasticarum

289 3536 441 3631 periculi
463 3538 681 3632 cogitatione
702 3542 786 3633 angi
809 3543 971 3612 animum
989 3565 1122 3612 meum.
1173 3538 1284 3609 Aliud
1336 3533 1594 3620 traditionum,
1618 3537 1867 3632 quaeetiamsi
1884 3535 2002 3610 adhuc
2017 3536 2194 3612 sanabilia
2211 3534 2333 3608 ιιιιιι·

289 3641 404 3716 Ιιιιιιι
428 3653 502 3727 ιιι,
534 3644 598 3714 sed
623 3656 745 3714 tamen
769 3668 845 3716 non
868 3643 1184 3714 contemnendum.
1245 3640 1284 3714 Si
1336 3651 1503 3722 mautur,
1544 3653 1667 3710 tamen
1690 3641 1925 3734 paulopost,
1965 3664 2136 3736 magnam
2161 3637 2334 3714 mutatio-

291 3743 389 3814 enim
412 3743 527 3816 iratus
550 3745 746 3840 aliqnando
763 3743 801 3817 iu
815 3747 1050 3818 Germaniam
1066 3746 1222 3829 veniret,
1250 3756 1286 3814 ιι
1336 3763 1420 3810 nern
1440 3743 1628 3816 universae
1646 3741 1825 3815 Ecclesiae
1849 3743 2011 3818 afferent.
2062 3743 2212 3817 Nullum
2234 3742 2333 3818 enirn
2445 3747 2446 3752 ’

290 3845 472 3938 Hispanos
495 3847 708 3919 adduceret:
735 3849 883 3922 libertas
901 3861 1025 3926 nostra
1043 3872 1120 3918 non
1137 3859 1228 3920 esset
1245 3847 1284 3916 in
1336 3843 1523 3916 doctrinae
1549 3870 1661 3938 genus
1687 3845 1826 3918 maiore
1853 3848 2029 3939 applausu
2055 3859 2243 3942 exceptum
2266 3859 2334 3930 est,

291 3960 383 4020 tuto.
433 3946 612 4020 Fortassis
632 3963 668 4020 et
682 3950 835 4045 Hispani
858 3951 1048 4022 difficulter
1061 3950 1166 4022 nobis
1183 3950 1286 4021 resti·
1337 3968 1447 4041 quam
1470 3941 1552 4020 hoc.
1608 3947 1657 4020 Et
1675 3949 1837 4044 qnotidie
1860 3950 1963 4043 plura
1988 3952 2159 4042 dogmata
2182 3973 2335 4022 moven-

290 4062 395 4122 tuent
410 4049 556 4144 imperii
568 4053 694 4137 decus,
714 4067 907 4150 postquam
920 4054 1031 4128 semel
1042 4053 1082 4124 in
1096 4050 1189 4124 hanc
1204 4077 1286 4146 pos·
1337 4062 1417 4133 tur,
1451 4048 1641 4123 irritantur
1668 4053 1815 4145 ingenia
1843 4052 2145 4128 ferocissimarum
2169 4055 2333 4145 gentium

289 4155 486 4228 sessionem
515 4155 701 4242 venerint,
736 4157 948 4250 praesertim
973 4183 1055 4228 cum
1078 4157 1217 4228 aditum
1239 4157 1286 4225 ad
1337 4151 1377 4222 in
1392 4152 1610 4240 Germania,
1635 4156 1833 4228 saxonicae
1853 4169 1888 4226 et
1902 4155 2118 4232 Helveticae.
2169 4156 2247 4231 Nec
2268 4181 2336 4253 po-
2445 4167 2446 4172 ’

291 4255 432 4328 Italiam
465 4257 517 4330 eis
549 4259 754 4352 patefaciat.
813 4259 868 4332 Et
899 4286 980 4332 cum
1013 4285 1078 4332 suo
1111 4257 1286 4350 sanguine
1338 4254 1423 4326 terit
1445 4255 1522 4326 sine
1538 4257 1685 4352 Synodo
1712 4258 1955 4353 tranquillitas
1976 4259 2155 4333 Ecclesiae
2177 4260 2335 4337 restitui.

293 4362 559 4452 recuperabunt
584 4361 854 4448 Mediolanum,
888 4388 965 4434 non
989 4364 1067 4436 sine
1091 4361 1286 4434 certamine
1339 4357 1442 4452 Quae
1471 4371 1591 4433 autern
1622 4361 1691 4434 erit
1719 4361 1854 4434 infirmi
1883 4359 2116 4457 Imperatoris
2142 4365 2336 4448 autoritas,

293 4462 379 4534 inde
401 4463 506 4534 nobis
530 4465 663 4536 cessuri
684 4479 779 4540 sunt.
830 4465 1025 4538 Videretnr
1039 4465 1150 4559 igitur
1163 4467 1287 4552 tutius,
1338 4461 1395 4534 vel
1408 4461 1447 4559 in
1461 4467 1616 4556 petenda
1633 4465 1801 4560 Synodo,
1827 4465 1885 4536 vel
1899 4466 1938 4537 in
1960 4468 2202 4551 defendenda,
2228 4489 2337 4560 prae·

293 4565 435 4638 omissis
448 4567 578 4639 exteris
593 4568 755 4660 regibus,
780 4570 911 4664 eligere
926 4571 1105 4665 aliquem,
1130 4572 1286 4663 pruden·
1337 4564 1461 4637 sertim
1476 4568 1511 4640 si
1529 4567 1663 4640 caeteri
1676 4593 1776 4661 reges
1793 4570 2102 4648 adversabuntur?
2141 4565 2243 4646 Nihil
2259 4569 2336 4640 iam

295 4668 364 4754 tia,
388 4667 542 4753 iustitia,
566 4670 798 4759 fortitudine,
824 4687 860 4744 ιι
880 4673 951 4748 fide
976 4685 1217 4766 praestantem
1234 4673 1287 4743 vi·
1339 4669 1383 4738 de
1400 4668 1563 4745 'l’nrcicis
1588 4672 1692 4746 hellis
1716 4673 1856 4756 dicam,
1880 4673 1946 4746 etsi
1968 4687 2134 4746 nostrum
2152 4685 2227 4759 est,
2256 4696 2335 4744 non

294 4795 375 4866 rum
411 4797 454 4844 ex
486 4771 636 4868 reliquis
661 4775 795 4848 nostris
830 4776 1072 4870 principibus,
1111 4789 1152 4848 ut
1181 4799 1287 4868 saepe
1338 4773 1449 4845 modo
1472 4776 1517 4848 de
1538 4775 1771 4849 defendendis
1793 4775 1924 4850 finibus
1946 4777 2098 4864 nostris,
2131 4777 2335 4850 sedetiam

294 4875 450 4948 maiores
465 4877 583 4950 nostri
595 4877 776 4964 eaerum,
809 4878 874 4974 qui
887 4882 1101 4975 plerumque
1117 4878 1287 4950 virtutem
1339 4877 1596 4954 deliberanda
1623 4879 1777 4951 Graecia
1804 4879 1973 4972 cogitare.
2032 4880 2153 4974 Quem
2180 4881 2334 4950 adrem

294 4975 335 5046 in
350 4978 522 5052 electione
540 4981 655 5074 magis
673 4994 870 5075 spectasse,
895 5007 1006 5079 (ιιιιιι
1020 4981 1220 5076 potentiam
1235 4981 1287 5052 ιι·
1340 5004 1431 5073 opus
1453 4993 1506 5054 est
1525 4981 1722 5055 multarum
1744 4981 1935 5058 nationum
1955 4984 2089 5076 copiis,
2124 4995 2160 5054 et
2182 4983 2335 5068 viribus,

295 5079 438 5152 dentur.
1339 5107 1429 5179 quas
1450 5082 1665 5158 contrahere
1678 5082 1902 5180 Imperator,
1927 5083 1958 5160 si
1973 5109 2103 5180 parum
2120 5081 2253 5161 habeat
2269 5109 2335 5158 au·
2445 5151 2446 5158 ,

397 5185 563 5274 Agnosco
584 5185 623 5256 id
646 5187 813 5282 quidem
854 5189 916 5260 sed
941 5200 1027 5260 tunc
1049 5187 1175 5281 populi
1197 5187 1287 5260 Ger·
1339 5186 1515 5274 totitatis,
1547 5211 1623 5260 uon
1652 5190 1797 5284 poterit.
1860 5189 1959 5262 llaec
1988 5201 2095 5287 atque
2118 5189 2191 5262 alia
2217 5190 2334 5262 multa

200 5313 203 5318 ¹
295 5283 438 5356 maniae
453 5287 572 5360 minus
586 5303 691 5360 erant
703 5303 944 5366 contumaces
994 5291 1115 5364 Facile
1132 5303 1221 5375 erat,
1247 5301 1288 5362 ut
1339 5314 1460 5363 meum
1477 5315 1639 5364 animum
1651 5293 1855 5380 adducunt
1880 5305 1921 5366 ιιι
1936 5291 1975 5366 in
1992 5289 2061 5366 hac
2077 5293 2250 5366 electione
2267 5317 2336 5388 po-
2445 5363 2446 5366 ,

294 5387 461 5482 dicith
449 5413 488 5460 ιιι
510 5392 724 5484 proverbio,
754 5394 947 5488 imperium
969 5394 1008 5466 in
1022 5395 1140 5470 bonis.
1181 5393 1287 5468 Nunc
1337 5392 1472 5482 tentiae
1504 5394 1683 5470 rationem
1711 5398 1912 5470 ducendam
1944 5421 2019 5472 esse
2050 5397 2226 5484 iudicem,
2261 5397 2337 5470 nisi

143 5492 146 5500 ’
295 5503 416 5564 antem
439 5491 527 5590 quid
549 5495 671 5581 fieret,
700 5496 733 5570 si
754 5497 866 5570 electo
887 5495 1108 5594 Imperatore
1129 5496 1286 5583 infirm,
1337 5476 1598 5592 Imperatorem
1614 5500 1767 5576 velimus
1782 5497 1937 5585 hahere,
1962 5526 2025 5597 qur
2014 5499 2185 5579 titulum
2201 5513 2240 5574 et
2253 5525 2333 5574 nm-
2445 5549 2446 5556 κ
