4920 5956
324 198 400 272 771
946 195 1321 276 ..iDDl'l'AMENTA
1344 197 1414 270 AD
1438 195 1582 274 voto.
1607 199 1734 278 t-tt
2285 207 2367 290 im

326 371 550 466 Plumeaque
564 373 603 442 in
618 373 726 467 sylvis
741 386 908 466 repetunt
925 373 1095 442 animalia
1113 373 1232 461 nidos,
1296 409 1301 426 ‹
1368 369 1536 440 -tttneini
1548 372 1723 445 obiiciunt
1735 386 1838 446 -rates
1855 396 1924 466 pro
1943 376 2100 447 carmine
2115 381 2265 468 crimen,
2309 407 2313 418 ·

327 473 470 544 Scilicet
481 486 518 544 et
533 488 689 546 rostrum
705 477 845 568 tepidas
858 479 965 546 fixere
980 477 1045 546 sub
1063 475 1153 546 alas:
1369 472 1484 567 Quod
1499 474 1608 545 salire
1623 499 1725 548 exesa
1742 478 1863 568 lapsus
1879 477 2084 550 discrimine
2098 482 2202 552 visse·
2313 511 2318 532 ·

328 574 473 668 Claugit
488 580 533 646 ad
549 601 649 646 arma
666 581 809 664 furens,
834 593 871 649 et
885 601 974 648 voco
989 577 1131 649 silentia
1147 579 1281 660 turbat,
1373 575 1509 646 Pressit
1522 573 1696 663 humum,
1723 581 1823 672 turpi
1839 574 2004 652 foedatus
2016 582 2332 673 pulveeevultum.

328 676 376 748 Et
389 691 507 749 rostro
522 681 654 751 fractos
666 683 805 752 sonitus
821 680 985 750 imitante
1004 682 1174 750 tubarum
1372 675 1456 746 Vidi
1476 703 1561 770 ego,
1588 704 1653 750 nee
1669 682 1798 766 fallor,
1824 684 1911 752 dum
1933 682 2046 752 lustro
2063 686 2245 758 volumina
2266 689 2369 772 iuris,

327 778 524 852 Excubitor
539 783 657 854 lucem
673 783 886 854 mortalibus
899 783 1036 852 indicat
1051 783 1135 854 ales.
1374 777 1558 866 Censurae
1568 785 1772 876 exemplum
1786 783 1944 856 flammis
1959 806 2052 879 qnae
2064 788 2219 858 destinat
2231 791 2368 882 ipsum.

327 878 426 952 Idem
442 883 549 953 etiam
566 886 696 976 pugnis
712 899 836 977 aptus,
860 907 969 955 nemo
986 883 1106 953 acrior
1119 883 1183 953 illo
1373 883 1467 955 Nam
1481 899 1664 961 sarmenta
1681 887 1770 959 iocis
1787 900 1978 980 postquam
1994 889 2323 979 congessitalendis

329 984 459 1076 Ungue
472 1000 600 1056 notare
615 982 736 1058 hostes
755 1001 790 1056 et
808 1011 887 1058 rem
904 989 1096 1059 decernere
1111 998 1244 1056 rostro.
1374 983 1499 1056 Cultro
1513 986 1605 1078 agri,
1627 1000 1663 1056 et
1678 988 1796 1058 tr'unei
1810 988 1971 1059 nemoris
1979 1009 2070 1059 eave
2084 993 2222 1064 roborav
2233 997 2371 1088 passim

328 1085 426 1159 'l'um
441 1113 566 1158 vorem
581 1090 720 1183 excepit
734 1089 764 1158 F
765 1089 908 1182 singilis
922 1088 1103 1183 loquentis
1115 1088 1161 1157 ab
1180 1109 1261 1156 ore:
1373 1085 1514 1171 Volvit,
1540 1102 1576 1157 et
1595 1085 1761 1182 hyberno
1775 1089 1848 1158 iarn
1868 1091 1906 1160 iu
1921 1091 2038 1162 sidere
2054 1095 2215 1165 subdidit
2228 1098 2316 1189 igni,

329 1187 366 1262 Ο
379 1189 499 1262 sinon
512 1191 676 1285 pluviae,
699 1216 766 1263 nee
779 1192 1052 1286 tempestatibus
1067 1189 1155 1265 auis
1372 1187 1435 1258 llle
1450 1191 1515 1260 ubi
1530 1189 1673 1262 suffito
1688 1215 1753 1263 sua
1769 1194 1931 1264 membra
1949 1215 2084 1286 vapore
2103 1199 2237 1268 resolvi

328 1291 512 1378 serviret,
532 1317 740 1389 pennaeque
755 1293 998 1390 admorunt)
1015 1304 1172 1362 verteret
1183 1311 1296 1361 aurae
1373 1291 1560 1376 Senserat,
1587 1295 1729 1362 ardenti
1742 1295 2018 1367 sonitusemisit
2033 1297 2071 1364 in
2086 1312 2204 1384 auno,

329 1393 473 1482 Galim,
499 1421 606 1490 quem
623 1398 733 1470 variis
750 1397 790 1468 in
805 1399 944 1469 eoelum
961 1395 1129 1466 laudibus
1144 1393 1260 1466 effers.
1371 1391 1447 1463 Ver
1459 1407 1559 1466 ratus
1576 1395 1738 1488 apricum
1755 1395 1894 1467 mediae
1909 1399 1976 1468 sub
1990 1397 2126 1489 frigore
2141 1403 2305 1475 brumae.

327 1496 456 1592 Sitque
468 1499 606 1568 utinam
621 1500 751 1591 pugnis
766 1513 892 1593 aptus,
917 1524 964 1569 ne
980 1498 1121 1590 turgida
1138 1497 1244 1588 pulsu
1341 1541 1342 1548 κ
1372 1496 1411 1568 Si
1433 1497 1513 1590 quis
1534 1497 1574 1566 in
1598 1498 1768 1590 ambiguo
1791 1513 1864 1583 est,
1891 1515 2068 1594 quantum
2091 1503 2191 1576 loeus
2211 1503 2373 1579 aetheris

329 1598 475 1671 Solvere
489 1602 589 1671 labra
604 1615 729 1696 queat:
758 1617 853 1673 certe
871 1626 979 1673 nemo
995 1601 1114 1671 acrior
1126 1599 1190 1670 illo
1512 1624 1515 1635 ·
1977 1605 2074 1696 igne
2158 1601 2162 1612 '

328 1702 573 1787 anteactam,
599 1705 697 1779 solus
711 1729 788 1774 nou
805 1705 901 1778 mille
918 1703 1106 1776 verebitur·
1114 1697 1246 1774 hostes.
1306 1724 1311 1733 ·
1372 1701 1579 1796 Discrepet,
1604 1702 1664 1773 ille
1678 1704 1750 1774 loci
1762 1724 1900 1776 crassus
1916 1727 2053 1799 vapor,
2079 1717 2115 1776 et
2128 1707 2217 1780 levis
2232 1710 2327 1804 ignis

328 1805 432 1877 Stare
445 1807 530 1877 loeo
542 1807 673 1894 nescit,
699 1807 808 1884 micet
821 1809 981 1895 eminus,
1002 1819 1039 1876 et
1052 1805 1176 1876 tremit
1189 1806 1272 1886 ates
1371 1802 1558 1890 Aetheris,
1582 1807 1680 1876 inter
1693 1831 1731 1876 se
1747 1829 1820 1902 qua
1830 1801 1906 1878 ¹siut
1912 1809 2065 1880 ratione
2073 1811 2231 1902 repulsa,

327 1907 378 1980 Et
388 1909 505 1979 levior
517 1908 612 1980 loliis
625 1909 752 2003 quavis
768 1909 966 2003 impellitur
982 1931 1084 1981 aura.
1371 1908 1419 1980 Et
1433 1921 1608 2004 quantum
1623 1903 1787 2002 hyberno
1808 1910 1969 2003 tepidum
1984 1935 2048 1982 ver
2063 1911 2198 2005 frigore
2216 1913 2345 1985 distet:

329 2009 432 2106 Quae
462 2034 546 2080 nam
578 2011 689 2103 igitur
713 2014 897 2098 volueres,
931 2035 1026 2107 quae
1050 2031 1116 2080 ros
1145 2005 1319 2081 sententia
1371 2011 1629 2082 Anvoluuum
1646 2011 1746 2080 norit
1759 2009 1968 2083 discrimina
1985 2035 2121 2106 ponere
2132 2015 2296 2108 linguis?

953 2113 1049 2204 cogit
1173 2133 1178 2152 ¹
1295 2140 1300 2149 ·
1373 2113 1596 2207 Quinetiam
1613 2112 1730 2184 furiae
1742 2137 1832 2208 quas
1846 2114 1923 2206 ipsa
1941 2139 1961 2184 e
1978 2117 2088 2210 stirpe
2102 2131 2294 2209 parentum
2343 2141 2348 2148 ·

328 2215 528 2288 Praebuere
542 2215 696 2308 imperio
712 2217 879 2300 Gallum,
905 2217 969 2311 qui
986 2216 1024 2283 iu
1040 2214 1146 2286 sorde
1160 2214 1298 2286 solebat
1371 2215 1512 2301 Induit,
1536 2217 1718 2289 incessunt
1731 2216 1884 2288 stimulis
1896 2219 2133 2310 praecondit,
2156 2227 2198 2291 ut
2212 2221 2315 2290 omni

328 2318 505 2391 Stridenti
519 2318 690 2390 miserum
705 2333 825 2390 rostro
840 2318 1046 2412 disperdere
1061 2339 1219 2400 carmen,
1247 2369 1252 2376 .
1372 2317 1508 2412 impete
1522 2318 1703 2388 bellorum
1716 2321 1859 2390 fervens
1869 2319 2020 2396 Aedone
2036 2322 2196 2394 lacessat.

328 2420 403 2517 Qui
418 2433 538 2494 rostro
551 2421 661 2513 petit,
689 2435 723 2493 et
739 2423 892 2514 pedibus
904 2421 968 2516 qni
985 2419 1121 2512 spargit
1137 2438 1297 2488 arenam.
1372 2419 1435 2492 llla
1452 2421 1568 2505 canit,
1591 2422 1720 2514 strepit
1734 2423 1902 2514 opposito
1915 2423 2018 2494 rodis
2032 2424 2175 2514 agmine
2191 2424 2347 2519 Coeeyx.

329 2525 404 2619 Qui
418 2523 592 2596 Cucnlum
606 2549 683 2594 non
700 2525 796 2609 odit,
821 2537 918 2596 sures
932 2537 994 2595 tua
1013 2522 1172 2594 earmina
1191 2521 1305 2592 Galle.
1373 2524 1545 2595 certandi
1559 2523 1699 2606 studio,
1726 2526 1913 2619 crudoque
1923 2523 2056 2596 fatiscit
2074 2522 2190 2598 hiatu.

327 2627 405 2701 Nos
417 2627 568 2719 legimus
582 2649 696 2718 regno
713 2628 916 2712 volucrem,
943 2626 1000 2697 cni
1016 2648 1100 2695 cura
1122 2627 1307 2694 modestae
1373 2627 1457 2720 Quo
1473 2643 1597 2695 morsu
1611 2623 1762 2718 oppetiit
1777 2639 1982 2698 mansuetas
1996 2631 2132 2719 praedo
2149 2630 2343 2702 volueres?

327 2729 435 2802 Pacis
449 2729 538 2814 erit,
562 2730 689 2799 doctae
706 2730 763 2800 eui
780 2729 882 2821 copia
898 2729 997 2798 vocis
1013 2727 1053 2798 in
1072 2751 1135 2796 ore
1151 2739 1214 2798 est.
1262 2749 1265 2758 ’
1373 2729 1481 2823 Quod
1497 2741 1678 2820 superest,
1704 2729 1875 2822 quoniam
1896 2743 2001 2800 coetu
2015 2731 2249 2804 convenimus
2263 2734 2345 2819 illo,

329 2831 400 2906 Sed
413 2845 570 2902 veterem
584 2833 716 2924 repetit
730 2831 870 2926 Coecyx
883 2832 923 2900 in
935 2831 1064 2903 fronde
1079 2843 1256 2911 tenorem,
1372 2831 1420 2902 Et
1434 2833 1592 2902 calemus
1608 2829 1734 2900 inflare
1749 2831 1867 2914 leves,
1890 2844 1926 2902 et
1939 2833 2058 2902 dicere
2073 2853 2213 2906 versus:

328 2935 405 3009 Nec
421 2948 517 3006 certa
533 2934 784 3026 regiensium,
809 2958 876 3005 nec
890 2934 968 3026 lege
982 2943 1157 3015 tensium:
1242 2929 1244 2934 ’
1312 2975 1315 2981 ·
1372 2933 1470 3005 'l'um
1492 2933 1647 3003 missum·
1663 2931 1777 3006 taetre
1788 2957 1813 3002 o
1834 2955 2001 3029 proceres
2015 2956 2126 3026 genus
2139 2959 2248 3008 omne
2263 2941 2373 3012 volu.

329 3037 406 3112 Nee
424 3061 594 3131 praesens
609 3031 719 3106 habet
735 3037 795 3108 ille
810 3039 939 3120 iidem,
962 3036 1047 3105 licet
1059 3035 1188 3104 arbore
1205 3033 1320 3102 inille
1678 3066 1681 3077 ’
1799 3068 1813 3084 ··
1992 3059 2106 3122 mum,

331 3139 509 3211 Consessu
523 3139 683 3209 medium
696 3163 773 3211 sese
790 3139 888 3222 tulit,
916 3161 1026 3232 ocyor
1041 3137 1141 3208 Euro
1374 3135 1481 3232 Quod
1496 3159 1606 3207 curro
1623 3127 1814 3230 increpitat
1830 3151 1970 3222 rostro,
1995 3141 2255 3236 strepitumque
2267 3157 2374 3215 retu-

329 3241 455 3336 'l'urpe
470 3243 538 3312 iter
552 3241 724 3335 arripuit,
748 3245 942 3335 sedemque
956 3241 1097 3310 invooe
1112 3238 1271 3334 reliquit,
1972 3255 2068 3314 ‘sum

328 3345 376 3418 Et
387 3344 596 3436 singultanti
610 3343 765 3414 involvit
777 3367 904 3415 nemus
920 3367 1027 3412 omne
1041 3341 1193 3412 ululatu.
1372 3341 1507 3424 Mittit,
1530 3353 1568 3410 et
1581 3339 1737 3412 offendit·
1745 3343 1834 3413 diris
1847 3343 2060 3414 stridoribus
2075 3367 2191 3416 aures.

328 3448 432 3521 Pone
447 3460 538 3531 stat,
556 3461 599 3516 et
616 3459 754 3544 moesto
771 3446 892 3518 tundit
907 3469 970 3519 sua
988 3457 1132 3537 pectora
1149 3443 1296 3534 planetu
1373 3443 1452 3514 lieu
1461 3441 1498 3538 ⁸)
1511 3444 1655 3512 valeant
1670 3465 1794 3516 omnes
1807 3445 1924 3537 genii,
1952 3445 2015 3540 qni
2030 3447 2111 3516 iura
2129 3470 2260 3517 canore

329 3551 562 3644 suppositum
581 3548 738 3620 Curruca
761 3572 894 3620 vocans
912 3547 951 3616 in
968 3546 1105 3618 crimen
1122 3546 1321 3630 sumnum,
1371 3545 1559 3617 invertunt
1575 3547 1678 3629 ficto,
1703 3548 1973 3642 peregrinisque
1989 3551 2129 3620 aemula
2145 3549 2276 3641 linguis

328 3651 378 3724 Et
393 3651 517 3726 Cueuli
532 3676 667 3722 nomen
682 3653 797 3722 defert
809 3649 895 3745 ἀρ’)
914 3651 1193 3742 eaedeperaets.
1278 3650 1293 3700 ·'
1371 3650 1518 3720 Solvere
1531 3657 1647 3718 rostra
1662 3651 1817 3732 student,
1831 3645 2094 3744 hominumque
2106 3652 2256 3722 illudere
2271 3659 2376 3730 voci.

330 3755 453 3827 Hostis
467 3766 509 3825 nt
522 3751 653 3848 hospes
668 3767 763 3839 erat,
788 3755 928 3845 generis
943 3777 1026 3823 uam
1041 3753 1167 3824 funere
1180 3750 1297 3822 nostri
1372 3753 1423 3822 Ut
1436 3751 1596 3832 merula,
1623 3762 1659 3818 et
1673 3750 1786 3842 nigris
1801 3751 1919 3822 velata
1935 3752 2130 3822 Monedula
2146 3757 2287 3846 pennis,

329 3855 527 3950 ingluviem
546 3857 719 3948 explevit,
740 3869 916 3950 natosque
934 3869 1016 3924 ante
1034 3879 1097 3923 ora
1115 3864 1304 3946 parentum
1371 3853 1528 3946 Pieaque
1542 3875 1635 3946 quae
1650 3854 1768 3924 varias
1782 3854 1914 3924 emittit
1926 3855 2075 3924 stridula
2089 3877 2210 3942 voees,

329 3957 509 4032 immersit
539 3959 727 4042 rabidam,
766 3961 865 4053 qnod
891 3981 958 4028 nec
986 3959 1077 4028 bene
1107 3968 1246 4044 vertat,
1281 3955 1321 4026 in
1371 3955 1418 4027 Et
1432 3955 1548 4048 pictae
1561 3955 1724 4027 volueres
1739 3955 1856 4026 rutilis
1872 3956 1910 4024 in
1924 3968 2065 4047 tergore
2081 3959 2201 4048 guttis.

952 4061 1085 4148 alvum,
1372 4057 1515 4130 Orcinit
1527 4053 1585 4127 his
1601 4069 1724 4126 eontra
1741 4059 1843 4128 letali
1857 4059 2020 4128 carmine
2031 4057 2150 4130 Bnbo.

329 4167 392 4238 Me
405 4189 552 4261 quoque
569 4164 614 4234 ab
628 4164 739 4233 infido
755 4163 807 4232 nil
826 4158 967 4254 hospite
982 4163 1054 4232 tale
1070 4161 1269 4234 timentem.
1474 4157 1572 4228 llaec
1586 4157 1758 4251 Fringilla
1774 4159 1840 4230 tibi
1856 4159 1980 4253 potior
1991 4161 2165 4231 sententia
2181 4161 2259 4233 risa
2275 4181 2339 4237 est

271 4315 274 4321 ·
330 4270 441 4341 Plura
454 4270 642 4338 locuturae
655 4267 834 4359 lacrymae
851 4287 959 4357 super
976 4289 1039 4334 ora
1056 4264 1228 4335 fluebant.
1370 4263 1558 4345 Forsitan,
1584 4275 1620 4334 et
1634 4264 1784 4355 proprio
1800 4263 1851 4334 sic
1866 4263 1997 4354 digeris
2011 4263 2135 4332 omnia
2149 4263 2248 4335 solus

331 4372 514 4454 Substitit,
539 4383 575 4439 et
590 4391 714 4439 vocem
730 4368 886 4437 mediam
905 4367 1087 4458 indignata
1104 4366 1285 4458 repressit.
1371 4366 1554 4448 Arbitrio,
1581 4378 1617 4435 et
1630 4363 1763 4435 lalemo
1779 4379 1840 4436 tua
1856 4376 1998 4456 guttura
2015 4365 2123 4435 solvis
2143 4371 2321 4460 equestri.

214 4513 216 4518 ·
330 4471 705 4567 ExeipiensFringilla
720 4493 849 4540 sonum
865 4469 1049 4540 mortalia
1067 4468 1198 4540 subdit.
1372 4468 1560 4539 Credimus
1576 4490 1622 4537 on
1639 4468 1703 4564 qui
1718 4481 1842 4538 amant
1858 4467 1927 4560 ipsi
1940 4467 2008 4538 sibi
2022 4466 2163 4538 somnia
2178 4469 2345 4560 fingunt.
2447 4523 2448 4528 ,

330 4575 399 4648 nie
421 4599 565 4672 quoque
588 4599 666 4644 cum
691 4573 832 4664 tropico
843 4571 946 4667 801⁷)
964 4573 1122 4642 'vertitur
1142 4571 1321 4664 incapti-
1475 4569 1542 4642 Cui
1576 4570 1749 4662 Fringilla
1787 4571 1914 4640 refert:
1962 4593 2172 4740 anprrans
2205 4573 2379 4663 plurima

331 4781 449 4850 Vertit
461 4791 561 4868 terga
577 4779 703 4867 logne,
728 4789 765 4845 et
778 4776 877 4868 putri
891 4801 929 4847 se
947 4698 1103 4848 «triffillus
1117 4777 1156 4844 in
1168 4777 1250 4845 alvo
1372 4773 1492 4844 Graiis
1506 4775 1711 4864 ingenium,
1737 4773 1857 4844 Graiis
1869 4775 1970 4843 dedit
1985 4695 2048 4844 oli
2062 4695 2222 4844 lituum

332 4883 500 4965 Arboris,
539 4904 629 4973 eque
658 4875 846 4949 hominum
876 4893 1021 4971 aspectu
1048 4903 1111 4951 sua
1143 4876 1321 4950 subtrabit
1371 4876 1473 4948 Musa
1489 4876 1608 4970 loqui,
1635 4888 1670 4945 et
1684 4899 1811 4946 vocum
1829 4875 1931 4947 iussit
1946 4877 2152 4948 discrimina
2168 4899 2294 4964 nosse,

946 5006 1049 5054 orsu
1134 5020 1137 5033 ·
1370 4975 1419 5047 Et
1432 5002 1558 5048 suaves
1573 4978 1692 5048 avium
1707 4991 1833 5050 cantus
1847 4980 2048 5049 discernere
2065 5003 2187 5050 sensu:

335 5137 540 5154 ..-...-
1136 5120 1140 5130 ·
1370 5077 1542 5151 ACucnli
1558 5081 1728 5172 strepitu,
1754 5102 1945 5150 corvorum
1964 5080 2159 5150 aearmine
2179 5105 2323 5170 masso,

365 5246 398 5313 3)
415 5248 452 5299 Μ
469 5245 583 5316 „0an
603 5249 644 5299 sto
663 5248 769 5312 Mt
795 5247 843 5299 Μ
860 5249 883 5297 1.
901 5245 1081 5299 mmmm
1105 5249 1243 5300 mm
1370 5185 1403 5250 A
1420 5181 1516 5252 Galli
1530 5183 1686 5273 crepitu,
1713 5197 1748 5253 et
1764 5183 1872 5253 Pirae
1888 5183 2042 5254 stridore
2060 5183 2231 5277 loquacis.

367 5329 399 5398 s)
417 5331 508 5382 earm
525 5332 572 5392 oo]
592 5331 632 5383 ue
647 5333 699 5394 nr.
713 5331 757 5397 a,
784 5333 835 5385 rr.
850 5335 877 5382 a.
895 5319 1041 5384 oerum

367 5416 483 5484 ηιοι]
500 5417 543 5468 ere
559 5417 609 5470 rr.
626 5419 668 5476 ις
692 5419 779 5468 uas.
799 5419 879 5469 uses
1402 5423 1436 5480 s)
1455 5419 1530 5479 neu]
1549 5418 1590 5470 are
1607 5418 1656 5468 rs.
1670 5419 1714 5482 s.;
1736 5415 1896 5470 nessus
