4920 5956
103 193 176 270 ras
615 187 690 277 un.
742 183 1110 274 eounsunuuu
1135 173 1450 258 massennes
1475 139 1638 258 nerto.
2061 178 2137 262 ise

104 369 149 442 ris
164 363 369 462 Tarquinii,
398 385 558 448 meuses,
583 385 677 458 quae
689 363 840 438 minime
856 359 1095 439 muliebrium,
1144 355 1261 430 Nemo
1276 354 1439 449 queritur
1455 335 1734 446 Syrurn,nescio
1748 376 1870 446 queris,
1889 354 1933 434 de
1948 377 2053 445 grege
2069 379 2135 428 rio-

104 470 205 564 genio
216 482 260 542 -et
272 481 350 547 arte
366 461 518 560 regnum
532 465 724 547 affectavit.
792 519 796 524 .
863 526 866 537 .
1146 459 1316 532 vitiorum
1336 457 1469 530 laetum
1493 479 1568 528 esse
1586 453 1804 538 Consulem?
1853 455 1937 532 Non
1952 457 2050 528 enim
2069 481 2139 530 nos

337 643 342 652 ,
453 627 460 638 ,
870 617 874 625 -
941 630 944 642 ,
1145 563 1245 636 color
1267 562 1331 634 iste
1354 559 1511 644 servilis,
1538 583 1612 635 non
1636 558 1772 653 pilosae
1796 582 1927 652 genae,
1955 563 2138 645 nunden-

520 635 667 707 Aeffl·
736 692 739 701 ·
996 744 1002 765 Ι
1093 696 1098 745 ;
1145 677 1198 744 tes
1218 663 1356 758 putridi
1376 665 1621 756 deceperunt,
1646 661 1760 746 oculi,
1785 660 1999 755 supereum,
2015 665 2137 748 leons,

197 772 255 846 tn
297 785 414 851 aetate
448 784 720 864 argumentatur
754 770 880 854 Mitio,
918 791 1095 849 excusans
1145 768 1263 848 vultus
1286 765 1440 860 denique
1464 779 1581 852 totns,
1613 765 1676 861 qui
1696 787 1817 839 sermo
1839 764 1986 860 quidem
2008 765 2138 840 tacitus

104 875 334 952 adulescentis
356 874 538 948 delictum.
803 935 808 950 .
878 938 880 947 ,
928 947 934 959 ,
1144 868 1274 942 mentis
1296 883 1366 952 cst,
1393 867 1450 938 liic
1474 869 1509 938 in
1530 893 1687 960 errorem
1709 864 2052 961 bominesimpnlit,
2077 864 2143 942 hie

483 1045 493 1062 ‚
656 1045 663 1061 ,
726 1045 734 1060 ,
799 1041 807 1060 ,
971 1021 1017 1058 ,ι
1145 999 1224 1058 eos,
1251 973 1380 1069 quibus
1396 985 1473 1042 erat
1489 973 1649 1063 ignotus,
1676 972 1834 1064 decepit,
1855 972 1997 1056 fefellit,
2024 967 2082 1042 hic
2098 967 2136 1040 in

303 1043 526 1116 Edufflw
552 1058 594 1114 ⁰¹
621 1045 903 1135 ‘¹¹⁸⁰¹Pl¹¹¹³·'
1143 1077 1305 1148 fraudem
1332 1074 1483 1146 induxit.
1550 1070 1642 1144 llinc
1667 1078 2051 1170 argrtmcnttrils·queas
2074 1098 2136 1166 pe·

201 1180 298 1251 llaec
314 1181 402 1253 alias
418 1179 637 1273 corrumpit,
666 1179 754 1252 alias
770 1180 917 1250 adiuvat
931 1191 965 1247 et
985 1198 1091 1246 exeo·
1143 1193 1239 1265 tere,
1263 1180 1295 1250 si
1309 1177 1445 1252 Valerii
1460 1177 1610 1251 Corvini
1622 1178 1896 1251 describendum
1918 1176 2056 1250 lacinus
2078 1177 2137 1260 sit,

102 1282 141 1354 lit
153 1284 315 1378 ingenie,
341 1297 377 1356 et
392 1286 438 1357 erl
454 1283 699 1359 immutandos
712 1283 854 1357 animos
869 1277 961 1353 nihil
976 1281 1089 1352 effica—
1144 1284 1205 1376 qui
1231 1294 1333 1357 vesto
1359 1295 1399 1362 et·
1420 1281 1571 1360 immani
1585 1305 1746 1382 ⁸corpore
1770 1281 1912 1362 Gallum
1930 1281 2137 1375 quendam,

103 1387 174 1458 cius
194 1412 235 1458 ea
256 1385 478 1474 carmelus
500 1399 799 1479 compertum-est
823 1385 1005 1476 exemplis,
1058 1382 1092 1452 A
1143 1384 1261 1477 impar
1282 1385 1358 1478 ipse
1382 1384 1518 1459 viribus
1544 1398 1578 1456 et
1600 1380 1726 1456 liebitn
1747 1384 1930 1488 eorporis,
1962 1381 2139 1475 singulari

103 1489 343 1584 disciplineoel
363 1489 414 1563 M.
433 1489 558 1563 Cicero
576 1485 1094 1582 argumentaturptolnlllu-
1143 1489 1338 1567 certamine
1359 1489 1454 1558 vicit.
1746 1533 1769 1564 ,·
1872 1522 1877 1536 ·
1919 1527 1925 1539 ·

102 1615 207 1678 rena,
232 1593 275 1680 in
295 1591 347 1680 Μ.
366 1591 520 1664 Catone:
564 1589 724 1678 ludices,
741 1587 830 1667 haec
854 1592 973 1674 bona,
997 1611 1089 1684 quae

102 1695 260 1770 videmos
276 1694 401 1769 divina
417 1709 452 1766 et
464 1695 633 1786 egregia,
651 1695 763 1788 ipsius
774 1693 904 1772 scitote
917 1716 991 1778 esse
1006 1716 1091 1784 pro-
1919 1752 1923 1763 .

101 1797 197 1889 pria,
238 1819 631 1894 quagnonmfflqug'm·
653 1797 892 1892 requirimm,
936 1820 979 1864 ea.
1007 1807 1091 1867 gunt
1243 1781 1274 1850 Α
1300 1781 1444 1850 surltttttt
1468 1793 1782 1872 argumentamur,
1820 1805 1930 1874 quom
1954 1779 2000 1850 (18
2026 1776 2137 1848 servi-

101 1901 221 1970 omnia
244 1923 319 1977 non
342 1925 362 1970 a
386 1913 538 1984 mlum,
574 1871 954 1991 vequssq‘qumflgigtm·
1007 1897 1092 1968 Fun
1142 1894 1236 1965 illie,
1270 1883 1454 1966 ilbefiflie,
1488 1877 1687 1964 ilbssoriblls
1712 1881 1869 1974 agimus,
1910 1881 2029 1976 qualia
2053 1893 2139 1952 Sunt

102 2003 193 2072 enim
213 2003 359 2097 quidam
378 2003 893 2094 sufflfflissssenissll'iluzfflss,
920 2000 1090 2079 euiusin.
1143 1983 1253 2070 mulli!
1289 1985 1327 2059 ln
1355 1984 1600 2077 Ciceronianis
1637 1985 1882 2068 orationibus,
1921 2009 2001 2056 cum
2038 1981 2140 2068 alibi,
2270 2077 2272 2082 ,

101 2117 289 2180 ventorum
311 2105 444 2178 aemuli
462 2105 574 2178 Stoici
597 2104 856 2190 nominantur,
881 2101 989 2179 huius
1011 2122 1090 2184 sen-
1142 2100 1217 2174 tum
1241 2107 1309 2178 l‘ro
1330 2087 1517 2184 Dt‘i0lilffl·
1602 2097 1607 2102 ¹

99 2208 238 2278 tentiae
252 2221 337 2282 sunt
359 2220 395 2282 at
420 2221 610 2302 praecepta
633 2207 824 2290 eiusmodi.
848 2268 851 2279 .
873 2206 1010 2279 =Gratia
1034 2229 1096 2283 sae*
1174 2284 1178 2292 ,

99 2310 255 2402 pientem
278 2335 466 2404 nunquam
488 2311 863 2404 moueri,.nunquam
889 2309 1090 2402 cuiuspiam
1165 2365 1168 2383 .
1213 2362 1230 2382 ..

98 2414 227 2485 delicto
255 2411 460 2506 ignoscere,
503 2414 685 2498 neminem
706 2413 984 2487 misericordem
1016 2435 1095 2484 esse
1155 2459 1159 2474 ·
1243 2407 1327 2482 Non
1344 2432 1471 2502 parum
1488 2401 1598 2480 refert
1615 2423 1795 2502 spectare,
1828 2412 2013 2505 quomodo
2038 2411 2137 2506 quis·

98 2515 164 2587 nisi
184 2516 333 2598 stultum
358 2529 394 2589 ot
410 2517 545 2608 levem,
573 2516 644 2588 viri
657 2539 732 2588 non
751 2539 847 2600 esse,
871 2535 989 2611 neque
1006 2538 1090 2592 ero-
1142 2537 1210 2608 quc
1236 2511 1382 2595 affectus
1404 2510 1461 2584 sit.
1513 2513 1605 2584 Nam
1622 2536 1664 2584 er
1680 2513 1981 2606 propensioribus
1995 2513 2138 2590 animo·

98 2619 191 2702 rari,
218 2644 336 2716 neque
361 2619 518 2712 placari,
544 2619 834 2712 salossapientcs
853 2643 947 2703 etse,
975 2618 1006 2689 si
1020 2617 1090 2688 dis·
1141 2641 1222 2693 rum
1248 2615 1472 2686 coniecturae
1500 2617 1696 2688 admodum
1727 2617 1932 2709 probabiles
1960 2617 2138 2708 colligun-

99 2719 284 2794 tortissimi
306 2721 399 2806 sint,
425 2723 622 2805 formosos,
649 2721 678 2793 si
700 2721 974 2804 mendicissimi,
1000 2719 1091 2792 divi·
1142 2732 1214 2790 tnr.
1262 2716 1452 2795 Eiusmodi
1476 2731 1690 2810 argumente
1714 2732 1799 2795 sunt
1820 2732 1856 2791 et
1877 2721 1973 2810 apud
1993 2719 2137 2792 Cicero-

97 2837 158 2909 tes,
179 2824 211 2898 si
225 2823 432 2896 servitutem
448 2825 620 2909 serviant,
644 2848 761 2914 regem
797 2836 1009 2906 portantem,
1027 2823 1090 2916 qui
1143 2845 1224 2904 nem
1239 2843 1307 2912 pro
1325 2821 1478 2892 Milone:
1507 2820 1608 2892 Fecit
1620 2823 1745 2905 iratus,
1762 2823 1849 2894 iecit
1864 2821 2044 2906 inimicus,
2064 2823 2139 2894 luit

98 2927 276 3019 sapienter
291 2950 367 3008 non
380 2945 522 3010 sumus,
544 2926 725 3018 fugitivos,
744 2927 881 3011 exules,
901 2921 1021 3000 hostes
1029 2925 1094 3019 ⁸⁹),
1142 2925 1239 3000 ultor
1252 2923 1419 3007 iniuriae,
1444 2925 1592 3015 punitor
1610 2923 1745 2998 doloris
1759 2923 1881 3021 euim).
1916 2923 1963 2997 lit
1979 2925 2024 2994 ele
2040 2927 2135 2998 Aru·

96 3029 242 3102 insenos
259 3029 414 3123 denique
431 3054 503 3100 esse
521 3029 656 3105 dicunt.
708 3028 841 3103 Omnia
858 3042 999 3123 peccata
1017 3053 1089 3100 esse
1142 3027 1280 3120 spicum
1300 3027 1495 3119 responsis:
1528 3028 1598 3100 Sed
1625 3041 1745 3106 tamen
1768 3029 1839 3098 mei
1854 3027 1938 3100 tacti
1953 3027 2132 3104 rationem

96 3133 219 3223 paria,
252 3156 359 3202 omne
384 3132 551 3202 delictum
576 3133 687 3214 scelus
708 3157 782 3214 esse
799 3132 999 3214 netarium,
1025 3155 1091 3202 uec
1142 3153 1320 3220 exponere
1345 3130 1414 3202 illis
1438 3131 1543 3214 volo,
1573 3131 1635 3224 qui
1660 3127 1829 3202 hesterno
1849 3131 1907 3204 die
1930 3131 2056 3210 dolore
2077 3152 2135 3200 me

96 3235 216 3308 minus
238 3235 447 3329 delinquere
474 3258 578 3318 nunt,
613 3235 676 3330 qui
691 3236 823 3326 gallum
840 3235 1090 3326 gallinaceum,
1142 3233 1295 3316 elatum,
1321 3244 1357 3302 et
1378 3233 1563 3306 iracundie
1579 3233 1721 3324 longius
1737 3258 1850 3330 prope
1865 3234 2062 3324 digressum
2077 3255 2136 3304 ar·-

97 3359 173 3406 cum
201 3361 294 3429 opus
318 3362 393 3416 non
416 3335 557 3419 luerit,¹
571 3363 682 3431 msam
705 3337 769 3432 qui
785 3351 923 3430 patrem
937 3337 1090 3408 suffore·
1114 3395 1117 3438 ἶ
1142 3335 1387 3420 innobentur,
1414 3359 1522 3430 quam
1547 3335 1717 3427 sapientis
1736 3332 2061 3426 hominiscogitata
2076 3359 2134 3404 ra·

96 3440 200 3511 verit.
250 3439 456 3532 Sapientem
478 3436 570 3512 nihil
594 3440 756 3532 opinari,
782 3441 915 3515 nullius
935 3439 1089 3533 reipoe-
1142 3437 1191 3508 tio
1208 3437 1433 3530 postulasset.
1485 3434 1583 3511 Nihil
1600 3437 1666 3510 seci
1682 3439 1806 3524 iratus,
1832 3434 1924 3519 nillil
1942 3437 2133 3530 impotenti

94 3539 232 3626 nitere,
254 3541 352 3614 nulla
370 3543 462 3620 inre
482 3543 577 3625 salli,
605 3543 817 3618 sententiam
839 3557 980 3616 mutare
998 3566 1089 3614 nun·
1142 3540 1284 3624 animo,
1318 3536 1408 3610 nihil
1438 3564 1510 3610 non
1542 3541 1602 3612 diu
1635 3539 1920 3629 consideratum,
1953 3565 1996 3610 ao
2018 3539 2132 3614 multo

96 3666 218 3738 quam.
257 3643 335 3716 lloc
354 3637 466 3716 horno
486 3633 792 3737 ingeniosissimus
812 3646 862 3718 Μ.
881 3647 1089 3719 Catoauto·
1142 3656 1223 3715 ante
1249 3645 1460 3714 meditatum
1484 3656 1548 3716 etc.
1612 3645 1731 3739 Atque
1755 3641 1824 3716 huc
1847 3645 1885 3714 in
1906 3643 2073 3720 leudibus
2097 3655 2134 3712 et

94 3746 194 3820 ribus
219 3745 470 3820 eruditissimis
492 3747 561 3820 iter
583 3749 749 3822 inductus
763 3749 947 3841 erripuit,
971 3771 1089 3843 neque
1142 3746 1327 3838 vituperiis
1349 3746 1531 3838 pertinent
1544 3747 1715 3820 vitiorum
1732 3747 1960 3824 scrinulum
1980 3748 2133 3829 formae,

95 3849 305 3948 disputandi
326 3871 472 3934 neusse,
497 3854 558 3925 sed
579 3853 628 3927 ita
648 3852 803 3924 vivendi.
854 3851 1008 3947 Reliqua
1027 3851 1090 3946 qui
1141 3849 1333 3942 prudentia
1355 3874 1476 3920 rerum
1503 3853 1761 3940 gerendarum,
1787 3849 1955 3934 scientie,
1984 3848 2134 3932 iustitia,

94 3953 205 4039 volet,
227 3977 272 4024 en
284 3952 365 4044 ipso
380 3951 432 4026 M.
448 3951 619 4028 Cicerone
635 3967 746 4048 petat,
785 3954 886 4028 Elin
902 3951 1089 4026 huncum·
1141 3954 1398 4044 temperantia,
1439 3953 1633 4036 lortitudn;
1686 3966 1833 4038 contra,
1876 3953 2133 4047 imprudentia,

94 4057 181 4126 dum
198 4054 425 4148 praestiterit
447 4057 668 4148 optimorum
684 4057 901 4150 scripturum
919 4056 1090 4150 exemplis
1143 4056 1337 4140 iniustitia,
1370 4056 1667 4148 intemperantia,
1701 4057 1904 4140 temeritas,
1936 4068 2073 4136 metus,
2099 4065 2137 4124 et

92 4159 166 4242 uti,
194 4159 362 4254 equibus
379 4179 571 4252 cognoscas
586 4185 660 4234 nou
680 4163 791 4234 modo
802 4160 1097 4253 'argumentandi
1141 4157 1284 4232 similia.

92 4261 269 4354 figuram,
311 4263 372 4334 sed
407 4274 443 4334 et
472 4267 656 4356 quomodo
689 4264 845 4336 illustres
877 4277 912 4334 et
939 4287 1098 4336 exornes.
1243 4260 1322 4332 Huc
1345 4260 1428 4333 item
1457 4263 1636 4353 pertinent
1654 4285 1713 4336 res
1741 4263 1795 4332 vel
1816 4263 1927 4345 bene,
1955 4260 2016 4348 ,vel
2037 4259 2131 4331 male
2183 4275 2184 4280 ’

92 4375 368 4457 argumentum,
401 4363 489 4460 qnid
513 4367 609 4442 euim
635 4390 768 4463 quaeso
784 4369 903 4460 potuit
925 4365 1091 4441 emet
1142 4377 1281 4456 gestae,
1320 4359 1376 4436 his
1404 4366 1579 4442 laetorum
1609 4363 1756 4436 consilia
1783 4365 1885 4436 adele.
1946 4361 2136 4436 Pertinent

92 4491 228 4540 cetone
253 4479 316 4540 aut
339 4468 571 4559 prudentius,
591 4484 666 4548 ,ant
694 4470 858 4547 ornatius
881 4493 924 4540 eo
950 4471 1031 4543 loeo
1053 4470 1090 4544 in
1142 4464 1212 4540 huc
1237 4479 1272 4539 et
1291 4487 1528 4558 personarum
1552 4467 1689 4552 studia,
1720 4479 1760 4540 ut
1782 4469 1941 4540 forenses
1963 4463 2046 4546 alii,
2063 4463 2138 4534 elii

92 4569 273 4644 Catonern
288 4569 384 4647 dicii
474 4625 485 4646 .
1044 4615 1048 4624 ·
1144 4569 1294 4654 milites,
1320 4570 1380 4640 alii
1398 4583 1613 4646 mercatores
1626 4583 1721 4644 sunt.
2083 4624 2088 4640 .

1211 4703 1214 4706 ·
1246 4670 1287 4760 ln
1313 4673 1475 4766 personis
1498 4668 1586 4744 haec
1610 4674 1723 4748 ferme
1750 4672 2007 4768 requiruntur,
2040 4689 2134 4762 quse

1145 4801 1210 4852 mu
1227 4775 1371 4851 sortierit
1387 4776 1651 4859 declamatoris.
1678 4772 1966 4854 meledictionis
1981 4793 2136 4860 caussas,

131 4945 135 4953 ,
197 4871 234 4942 Α
251 4873 414 4966 corporis
429 4871 577 4958 habitu,
600 4875 720 4969 quelia
744 4890 828 4949 sunt
852 4880 950 4970 apud
964 4876 1015 4952 ll.
1033 4875 1092 4948 Ci·
1143 4879 1273 4974 quibus
1295 4903 1471 4972 personae
1497 4890 1810 4962 tractantur,..'ut·
1824 4877 2014 4970 pleraeque
2039 4885 2136 4950 sunt.

91 4998 264 5046 erronem
283 4976 322 5046 in
335 4977 524 5048 Pisonem:
558 4976 936 5052 lemnevidesbelue?
967 4976 1091 5052 lemne
1143 4981 1191 5055 tn
1209 4970 1317 5054 huius
1335 4983 1476 5072 generis
1499 4993 1964 5075 argumente,‚·.qnanqnetn
1985 4975 2136 5070 proprie

89 5079 228 5163 sentis,
262 5101 355 5171 quae
377 5080 423 5152 sit
447 5076 636 5176 hominum
662 5081 808 5183 querela
830 5082 958 5154 frontis
983 5083 1091 5154 tuae?
1143 5087 1187 5162 ael
1204 5080 1382 5162 Bistones
1397 5085 1623 5177 pertineant,
1645 5099 1795 5176 nempe,
1816 5105 1918 5176 quoe
1930 5079 2134 5174 probabilia

98 5236 315 5252 ..ιι-...η

1340 1637 1344 1663 ’
1406 1664 1411 1675 ’
1528 1635 1743 1710 Foiluua.

1391 2258 1838 2364 ''Anirnilcoutlilim

336 4722 593 4854 ''Corpori's
627 4715 821 4834 bellitus.

1143 5258 1350 5285 ...W
1338 5237 1342 5251 '
1410 5250 1439 5269 ¹.

120 5329 178 5400 ⁰⁶)
197 5327 303 5412 amat.
319 5325 424 5398 Μὴ
448 5329 491 5384 ¹³⁰
507 5326 657 5397 ‘'Mn‘'
668 5329 804 5416 ΜΨ
839 5304 863 5361 '³
916 5338 919 5354 '
962 5332 981 5346 '‘
1157 5305 1344 5420 'iot'ainoe
1358 5365 1465 5421 sorge
1490 5346 1613 5418 nessus
1632 5329 1851 5406 commensurale
1870 5338 2015 5402 stenen
2033 5330 2143 5409 utero·

122 5415 666 5486 oet⁴hortes‚]ttrttt.r—rtortn‚
782 5424 841 5459 '¹’
922 5431 947 5451 ¹·
1212 5423 1488 5480 {lutumst
1586 5431 1615 5464 n·
1673 5440 1677 5466 ι
1876 5429 1978 5467 ⁴t··.'t
2066 5475 2072 5488 ,
2133 5432 2144 5448 ¹

94 5505 288 5572 Mrsnsrn.
312 5502 416 5569 Orno.
461 5505 545 5569 Vos.
568 5503 641 5568 xx.
1677 5492 1725 5564 te
