4864 5966
336 281 413 360 sss
676 299 679 306 ·
924 282 1050 356 run.
1075 283 1191 356 uun.
1215 282 1420 356 sursera
1445 277 1794 360 eunomutcn
1856 307 1859 313 ·
2263 285 2359 390 ⁸stt

330 468 402 525 tem
419 454 595 547 accipient
609 468 737 524 terrae.
774 451 878 523 Beati
894 455 958 549 qni
972 454 1133 529 esuriunt
1150 469 1185 524 et
1201 455 1329 526 sitiunt
1350 493 1355 560 Ι
1379 455 1453 528 rius
1468 453 1599 538 iudici,
1624 467 1659 523 et
1676 454 1781 525 iudex
1795 466 1831 524 te
1847 455 1968 526 tradat
1983 453 2171 538 ministro,
2196 465 2232 524 et
2246 454 2282 524 in
2295 479 2359 542 car·

328 557 522 640 iustitiam,
545 557 717 652 quoniam
735 555 804 648 ipsi
819 559 1089 629 saturabuntur.
1139 556 1244 633 Beati
1257 557 1327 632 md-
1350 576 1356 632 t
1379 581 1496 632 cerem
1525 555 1742 634 couiiciaris.
1792 557 1909 627 Amen
1939 557 2021 626 dieo
2045 555 2132 641 tibi,
2165 579 2240 630 non
2264 558 2358 634 exibis

327 659 544 741 sericordes,
578 656 750 752 quoniam
784 658 853 750 ipsi
887 659 1171 740 misericordiam
1205 683 1328 741 conse
1377 660 1497 743 illine,
1520 657 1876 754 donec4psrsolveris
1901 669 2098 730 extremum
2123 660 2359 752 quadrantem.

329 773 496 857 quentur.
561 759 665 829 Beati
707 764 844 831 mundo
879 765 1006 848 corde,
1050 765 1222 857 quoniam
1258 763 1326 855 ipsi
1378 762 1557 846 Audistis,
1583 763 1682 856 quod
1698 763 1832 832 dictum
1850 761 1958 833 fuerit
1976 759 2151 855 antiquis:
2177 760 2261 833 Nou
2277 787 2358 833 com-

328 862 445 935 Deum
469 862 654 933 videbunt.
706 862 812 937 Beati
835 864 996 955 pacifici,
1024 865 1196 960 quoniam
1220 862 1247 932 ii
1263 865 1327 936 filii
1380 865 1499 937 mittes
1514 864 1745 938 adulterium.
1786 863 1834 934 At
1851 889 1918 956 ego
1933 863 2013 934 diro
2028 862 2152 946 vobis,
2178 865 2278 957 quod
2294 868 2358 960 qui-

328 964 397 1035 Dei
427 967 664 1036 vocabuntur.
731 965 836 1048 Beati
866 967 928 1061 qui
954 967 1238 1060 persecutionem
1264 991 1328 1060 pa·
1379 991 1520 1060 cunque
1537 967 1714 1058 aspexerit
1729 991 1877 1036 uxorem
1897 967 2043 1038 alterius
2059 968 2105 1038 ad
2121 965 2357 1057 concupissent

327 1069 467 1139 tiuntur
500 1081 650 1161 propter
677 1067 870 1153 iustitiam,
907 1068 1079 1164 quonium
1104 1070 1249 1150 illorum
1276 1082 1329 1140 est
1378 1070 1464 1150 dum
1491 1093 1592 1159 earn,
1624 1069 1696 1145 ianr
1721 1069 1935 1151 adulterium
1964 1093 2043 1158 curp
2068 1069 2358 1162 t³.⁰ttm,1ssl.³itin

326 1195 478 1263 regnum
510 1171 706 1241 coelorum.
773 1170 878 1256 Beati
902 1173 1005 1257 estis,
1038 1197 1119 1243 cum
1143 1173 1277 1264 probra
1293 1172 1327 1268 ι)
1379 1173 1486 1242 corde
1509 1197 1588 1242 suo.
1639 1171 1748 1264 Quod
1770 1171 1800 1240 si
1816 1171 1939 1242 oculus
1954 1183 2036 1242 tuus
2049 1172 2174 1260 dexter·
2188 1172 2357 1259 obstaculo

328 1274 479 1362 iecerint
501 1272 541 1357 iu
564 1297 628 1357 vos
651 1269 836 1359 homines,
870 1288 906 1346 et
929 1275 1094 1354 insectati
1112 1273 1265 1354 fuerint,
1292 1285 1329 1343 et
1379 1272 1585 1357 tibiluerit,
1613 1297 1697 1344 erue
1714 1272 1834 1356 illum,
1860 1285 1895 1342 et
1912 1273 2024 1344 obiice
2043 1273 2168 1344 abste.
2216 1272 2357 1364 Expedit

243 1415 246 1421 ,
327 1377 484 1447 dixerint
507 1399 613 1445 omne
637 1375 771 1446 malum
791 1378 941 1448 verbum
959 1381 1129 1449 adversus
1145 1402 1209 1451 vos
1226 1401 1328 1466 mere·
1379 1377 1474 1446 enim
1495 1377 1581 1459 tibi,
1607 1388 1647 1445 ut
1666 1383 1790 1467 pereat
1812 1376 2191 1446 unum'membrorum
2213 1388 2357 1462 tuorum,

326 1480 474 1562 tientes,
487 1490 649 1571 propter
670 1503 745 1579 mc.¹
780 1479 944 1568 Gaudete
960 1493 995 1550 et
1011 1481 1187 1565 exultate,
1212 1503 1327 1574 quon·
1378 1503 1420 1548 ac
1442 1501 1519 1548 non
1540 1490 1655 1548 totum
1681 1501 1811 1570 corpus
1834 1490 1936 1548 tuum
1961 1478 2174 1546 ebniieiatur
2188 1475 2357 1569 ingeber·

327 1583 399 1650 iam
426 1605 562 1674 merces
580 1593 704 1667 ¹vestra
732 1582 844 1674 multa
862 1585 965 1657 estin
982 1583 1101 1660 coelis.
1153 1583 1213 1659 Sic
1229 1581 1325 1653 enim
1376 1605 1475 1651 nam.
1538 1579 1586 1649 Et
1618 1580 1648 1650 si
1674 1583 1817 1664 dextera
1831 1593 1906 1664 ,tua
1925 1603 2062 1657 :manus
2089 1579 2270 1650 obstiterit
2293 1581 2356 1666 tihi,

326 1683 500 1777 persecuti
533 1685 679 1773 luerunt
712 1679 928 1786 prophetas,
974 1686 1036 1780 qui
1065 1687 1212 1756 fuerunt
1240 1697 1326 1754 ‘ante
1377 1694 1524 1776 amputa
1541 1705 1619 1752 eam
1638 1694 1673 1751 et
1687 1681 1823 1774 proiice
1839 1684 1902 1752 abs
1918 1695 1964 1759 te.
2012 1681 2166 1774 Expedit
2180 1681 2278 1751 enim
2293 1684 2356 1766 tibi,

328 1812 403 1858 vos.
434 1785 509 1856 Vos
526 1786 608 1857 estis
624 1786 822 1858 salterrae.
877 1788 985 1881 Quod
1002 1787 1032 1858 si
1054 1789 1107 1858 sal
1129 1788 1326 1858 infatuatus
1376 1798 1417 1856 ut
1438 1797 1562 1877 pereat
1583 1807 1694 1855 unum
1713 1785 1959 1867 membrorum
1973 1798 2140 1868 tuorum,
2168 1808 2210 1854 ac
2223 1808 2298 1854 non
2313 1799 2356 1854 to-

326 1890 456 1972 luerit,
483 1914 555 1982 quo
579 1888 750 1960 salietur?
802 1887 859 1961 Ad
883 1885 974 1959 nihil
995 1889 1093 1960 valet
1114 1890 1230 1973 ultra,
1255 1889 1325 1959 nisi
1375 1902 1453 1958 tum
1478 1911 1607 1979 eorpus
1629 1899 1730 1956 tuum
1755 1886 2020 1957 coniiciaturin
2041 1882 2259 1978 gehennam.
2306 1886 2356 1956 lli·

327 2005 368 2062 ut
391 1991 602 2084 proiiciatur
624 1992 722 2063 foras
745 2006 780 2063 et
801 1993 1029 2065 conculcetur
1046 1993 1090 2062 ab
1104 1989 1324 2063 hominibus.
1376 2003 1472 2061 etum
1492 2002 1545 2060 est
1560 1999 1701 2060 autem:
1731 1989 1946 2084 Quicunque
1961 1989 2207 2081 repudiaverit
2222 2014 2353 2060 uxoren

327 2092 403 2165 Vos
428 2095 511 2164 estis
532 2094 752 2167 luxmundi.
804 2093 1031 2188 Nou‘potest
1054 2096 1227 2192 oppidum
1247 2096 1327 2165 abs'-
1376 2117 1502 2175 suam,
1525 2094 1586 2161 det
1603 2091 1655 2158 illi
1671 2091 1830 2162 libellum
1848 2091 2008 2165 divortii.
2059 2091 2108 2161 At
2125 2115 2191 2183 ego
2210 2092 2354 2160 dicovo-

202 2257 204 2262 .
327 2197 434 2267 condi
465 2197 572 2288 supra
606 2209 778 2266 montem
796 2198 925 2283 situm,
971 2222 1087 2292 neque
1126 2200 1340 2267 accendunt
1375 2195 1449 2281 bis,
1483 2196 1580 2289 quod
1611 2193 1772 2312 quisquis
1803 2193 2228 2291 repudiaverit·uscorem
2259 2217 2354 2276 suan,

328 2300 533 2382 lucernam,
567 2312 602 2367 et
622 2311 764 2390 ponunt
787 2299 884 2368 illam
909 2301 1031 2372 subter
1052 2301 1236 2385 modium,
1263 2300 1324 2370 sed
1376 2297 1446 2368 nisi
1468 2320 1573 2394 causa
1597 2307 1732 2387 stupri,
1759 2297 1884 2380 efficit,
1897 2329 1902 2336 ·
1915 2308 1956 2366 ut
1976 2281 2105 2382 illa'sil
2125 2295 2306 2380 adultera,
2327 2307 2354 2364 et

328 2426 436 2494 super
460 2400 736 2486 candelabrum,
770 2414 805 2472 et
824 2403 918 2472 lucet
942 2401 1128 2484 omnibus,
1156 2402 1219 2497 qui
1242 2413 1326 2473 sunt
1376 2399 1581 2502 quicunque
1606 2397 1832 2490 repudiatam
1856 2390 2014 2493 duxerit,
2039 2399 2257 2470 adulterium
2276 2423 2374 2467 com·-

329 2505 506 2574 indomo.
555 2503 613 2574 Sic
630 2504 949 2575 luceatlurvestra
966 2528 1087 2574 coram
1104 2500 1325 2592 hominibus,
1376 2503 1498 2573 mittit.
1533 2501 1692 2572 Rursum
1711 2497 1871 2585 audistis,
1894 2504 1991 2596 quod
2008 2500 2355 2574 dictumfueritanti·

330 2619 369 2681 ut
390 2607 536 2678 videant
557 2600 674 2675 vestra
696 2606 793 2676 bona
814 2630 946 2698 opera,
978 2606 1246 2700 glorificentque
1263 2629 1325 2697 pa·
1378 2603 1477 2700 quis:
1519 2603 1603 2676 Nou
1624 2603 1825 2699 peierabis,
1859 2605 1921 2674 sed
1940 2604 2123 2722 persolves
2142 2606 2292 2674 domino
2312 2627 2355 2686 ea,

319 2723 419 2779 trem
444 2721 624 2794 vestrum,
651 2709 714 2802 qui
734 2722 792 2780 est
810 2708 848 2776 in
864 2709 984 2780 coelis.
1036 2709 1090 2780 Nc
1106 2708 1325 2792 existimetis,
1377 2731 1469 2804 quae
1502 2705 1688 2804 iuraveris.
1755 2705 1802 2776 At
1825 2730 1890 2802 ego
1913 2708 1993 2778 dico
2019 2707 2137 2778 vobis:
2171 2703 2228 2778 Ne
2251 2705 2355 2777 iuretis

330 2815 427 2907 quod
443 2812 602 2881 venerim
624 2814 672 2882 ad
687 2814 939 2885 destruendam
956 2813 1069 2902 legem
1088 2824 1152 2882 aut
1169 2806 1326 2903 prophe·
1378 2793 1566 2897 omnino,'
1585 2833 1702 2903 neque
1734 2832 1799 2901 per
1822 2808 1982 2894 eoelum,
2016 2807 2099 2914 quia
2124 2805 2280 2892 thronus
2300 2805 2355 2878 Dei

329 2927 401 2994 tas,
434 2917 509 2981 imo
533 2938 608 2982 non
630 2914 734 2995 veui,
770 2927 810 2983 ut
832 2915 1036 2996 destruam,
1068 2915 1132 2985 sed
1159 2926 1200 2984 ut
1229 2937 1325 2982 com·
1376 2924 1447 2997 est,
1479 2936 1596 3006 neque
1618 2937 1684 3004 per
1707 2923 1860 2996 terram,
1897 2915 1979 3006 quia
2002 2907 2208 2986 subsellium
2237 2924 2286 2984 est
2307 2935 2354 3007 pc·

330 3017 461 3108 pleam.
485 3015 602 3084 Amen
619 3017 753 3110 quippe
769 3017 849 3086 dieo
864 3016 979 3101 vobis,
995 3019 1110 3087 donec
1122 3027 1326 3110 praetereat
1377 3016 1463 3085 dum
1499 3015 1612 3098 illius,
1653 3037 1769 3108 neque
1798 3039 1863 3108 per
1891 3013 2164 3110 Hierosolyma,
2198 3015 2355 3121 quoniam

329 3118 468 3188 coelum
494 3130 531 3188 et
550 3130 665 3202 terra,
692 3120 765 3187 iota
787 3143 900 3189 unum
926 3131 988 3190 sut
1013 3141 1102 3211 apex
1124 3134 1199 3188 non
1222 3143 1326 3210 prae·
1377 3118 1502 3188 civitas
1528 3129 1581 3188 est
1610 3116 1731 3210 magni
1762 3117 1875 3212 regis,
1908 3138 2026 3212 neque
2045 3142 2113 3221 per
2138 3131 2252 3215 caput
2270 3130 2355 3187 tuum

329 3221 467 3290 terierit
482 3245 525 3290 ex
540 3221 629 3312 lege,
656 3225 774 3314 quoad
792 3221 915 3296 omnia
930 3222 1021 3292 lacta
1037 3221 1183 3292 luerint.
1216 3221 1327 3314 Quis·
1376 3219 1531 3304 iurabis,
1561 3233 1751 3312 propterea
1778 3222 1877 3316 quod
1902 3233 2101 3323 nonlpotes
2122 3219 2240 3291 uuum
2259 3219 2355 3314 pilum

330 3325 410 3418 quis
432 3322 540 3414 igitur
561 3324 710 3402 solverit
726 3347 838 3398 unum
858 3347 902 3396 ex
917 3324 1096 3404 mandatis
1111 3321 1207 3400 hisce
1220 3325 1325 3392 mini·
1377 3323 1499 3393 album
1521 3335 1584 3392 aut
1608 3324 1752 3419 nigrum
1770 3325 1903 3409 [acere3
1935 3325 1997 3399 sed
2015 3323 2084 3407 erit
2100 3348 2224 3399 sermo
2243 3333 2356 3405 vester:

329 3428 417 3511 nris,
444 3423 923 3511 etdoeueritsichomines,
948 3428 1122 3499 minimus
1138 3428 1326 3503 vocabitur
1376 3437 1509 3509 estest,
1534 3449 1609 3496 non
1625 3450 1711 3498 non.
1747 3425 1864 3496 Porro
1880 3411 1978 3521 quod
1996 3414 2194 3496 ultrahaec
2209 3424 2358 3514 adiungi·

328 3532 367 3601 in
389 3552 502 3622 regno
518 3530 722 3608 coelornm;
749 3531 911 3625 quisquis
935 3543 1053 3605 autem
1073 3531 1198 3603 fecerit
1213 3543 1248 3601 et
1261 3533 1325 3602 do·
1376 3542 1448 3613 tur,
1473 3553 1515 3598 es
1531 3529 1628 3597 malo
1644 3529 1891 3620 proficiscitur.
1927 3525 2099 3615 Audistis,
2122 3533 2223 3625 quod
2239 3530 2358 3599 dictum

240 3718 246 3734 l
329 3633 463 3716 cuerit,
486 3628 545 3703 hic
566 3657 720 3731 magnus
739 3633 928 3703 vocabitur
945 3634 983 3701 in
1001 3657 1112 3724 regnu
1129 3634 1323 3704 coelorum.
1374 3630 1499 3701 inerit:
1528 3631 1670 3704 oculum
1694 3656 1760 3723 pro
1783 3630 1908 3714 oculo,
1934 3645 1970 3701 et
1991 3635 2134 3702 dentem
2161 3659 2232 3726 pro
2256 3635 2357 3702 dente.

251 3817 258 3829 Ι
328 3735 421 3805 Dico
442 3736 537 3803 enim
557 3736 676 3806 vobis:
704 3735 783 3808 Nisi
800 3736 1039 3838 ubundaverit
1056 3749 1171 3836 vestra
1189 3736 1323 3807 iustitia
1374 3734 1423 3802 At
1439 3758 1504 3824 ego
1526 3733 1607 3804 dico
1628 3734 1747 3805 vobis:
1782 3733 1836 3806 Ne
1858 3733 2031 3806 resistatis
2049 3735 2168 3822 malo,
2194 3738 2259 3807 sed
2278 3731 2359 3830 quis·

329 3839 532 3931 plusquam
548 3838 747 3914 scribarum
765 3850 802 3909 et
813 3833 1102 3930 pharisaeorum,
1123 3863 1198 3911 nou
1213 3839 1325 3931 possi·
1376 3835 1456 3931 quis
1481 3835 1671 3928 impegerit
1691 3826 1833 3930 'alapam
1859 3839 1898 3905 in
1919 3839 2101 3907 dexteram
2121 3851 2224 3910 tuam
2249 3835 2359 3908 maxil-

328 3943 374 4011 tis
394 3940 534 4030 ingredi
555 3940 594 4011 in
609 3963 761 4031 regnum
779 3941 976 4013 coelorum.
1020 3941 1199 4025 Audistis,
1226 3943 1324 4035 quod
1375 3939 1470 4025 lam,
1496 3941 1642 4008 obverte
1665 3939 1718 4008 illi
1740 3954 1775 4010 et
1799 3939 1970 4026 alteram,
2003 3954 2039 4010 et
2062 3941 2113 4025 ei,
2140 3931 2206 4038 qui
2232 3952 2267 4011 te
2289 3935 2361 4008 velit

327 4043 464 4118 dictum
486 4043 534 4116 sit
554 4042 750 4120 veteribus:
789 4043 873 4119 Nou
893 4043 1053 4123 occidest
1079 4045 1241 4142 quisquis
1263 4066 1325 4115 au·
1377 4041 1414 4109 in
1428 4041 1482 4112 ius
1499 4037 1660 4130 trahere,
1686 4067 1726 4111 ac
1740 4042 1897 4114 tunicam
1915 4058 2014 4115 tuam
2031 4035 2177 4128 tollere,
2204 4043 2360 4140 permitte

327 4160 398 4216 tem
417 4147 607 4229 occiderit,
634 4135 1052 4221 obnoxiuseritindtcio.
1102 4145 1151 4222 At
1161 4171 1229 4239 ego
1243 4149 1323 4218 dico
1376 4145 1427 4213 illi
1454 4157 1489 4213 et
1512 4145 1682 4239 pallium,
1717 4159 1752 4215 et
1774 4146 1836 4241 qui
1861 4159 1896 4215 te
1917 4146 2077 4239 adegerit
2103 4141 2147 4217 ad
2173 4147 2361 4218 miliarium

327 4249 450 4341 vobis,
466 4251 573 4351 ¹quod
598 4249 761 4344 quisquis
785 4248 955 4320 irascitur
974 4249 1078 4318 fratri
1095 4275 1161 4321 suo
1178 4263 1323 4333 temere,
1375 4247 1634 4330 uuum‚'abito
1657 4273 1736 4319 cum
1761 4249 1823 4318 illo
1844 4251 1929 4320 duo.
1982 4247 2124 4321 Petenti
2140 4251 2205 4323 abs
2223 4263 2259 4320 te
2277 4251 2362 4328 dato,

329 4352 510 4422 obnoxius
539 4352 608 4421 erit
638 4351 785 4422 iudicio.
844 4349 1061 4446 Quicunque
1086 4354 1324 4424 verodixerit
1375 4364 1410 4420 et
1443 4349 1645 4444 cupientem
1679 4363 1844 4422 mutuum
1880 4341 2060 4445 accipere,
2104 4377 2150 4422 ne
2187 4351 2363 4424 averseris.

303 4453 433 4522 'fratri
453 4479 518 4528 suo
540 4449 669 4537 racha,
700 4454 877 4526 obnoxius
901 4456 970 4524 erit
991 4455 1155 4527 eoncilio.
1216 4456 1324 4552 Quis-
1374 4455 1554 4540 Audistis,
1594 4456 1690 4550 quod
1723 4456 1856 4524 dictum
1888 4457 1953 4526 sit:
1997 4453 2131 4547 Diliges
2163 4455 2361 4552 proximum

328 4554 409 4652 quis
427 4569 547 4626 autem
563 4557 822 4638 dixeritiatue,
848 4558 1026 4630 obnoxius
1049 4558 1118 4629 erit
1139 4555 1324 4652 gehennae
1376 4569 1497 4639 tuum,
1524 4571 1559 4626 et
1580 4557 1665 4626 odio
1690 4553 1838 4628 habebis
1861 4557 2046 4630 inimicum
2071 4571 2187 4630 tuum.
2244 4561 2294 4628 At
2310 4577 2363 4646 ego

326 4657 508 4731 incendio.
567 4656 695 4754 ltaque
722 4661 753 4732 si
784 4659 959 4734 obtuleris
986 4685 1117 4735 munus
1146 4676 1247 4732 tuum
1278 4667 1324 4734 ad
1374 4660 1455 4730 dico
1482 4659 1600 4730 vobis:
1636 4658 1782 4753 Diligite
1805 4661 1970 4732 inimicos
1992 4675 2147 4748 vestros,
2178 4663 2278 4733 bene
2296 4682 2363 4754 prt-

328 4787 449 4849 srens,
476 4764 830 4856 otzillicreeordatus
845 4765 974 4848 fareris,
1001 4767 1099 4858 quod
1115 4767 1228 4836 irater
1242 4779 1324 4837 tuus
1375 4763 1506 4832 cemini
1526 4765 1785 4853 devoventibus
1801 4781 1888 4846 vos,
1913 4764 2110 4837 benefacite
2134 4765 2198 4849 iis,
2228 4765 2293 4860 qui
2310 4783 2363 4829 vos

327 4861 438 4936 lrabrt
460 4866 597 4961 aliquid
622 4870 813 4938 adversum
836 4879 892 4950 te,
918 4867 1082 4962 relinque
1104 4867 1177 4949 illie
1194 4893 1324 4950 mimus
1375 4867 1460 4937 odio
1485 4880 1770 4961 persequuntur,
1795 4881 1895 4944 cerate
1922 4891 1990 4960 pro
2004 4867 2322 4962 itaquitoedon
2336 4873 2365 4932 et

328 4981 432 5038 mum
461 4971 584 5040 eoram
612 4971 737 5055 altari,
772 4981 810 5039 et
839 4969 918 5053 abi,
952 4971 1052 5062 prius
1082 4972 1324 5044 reconcilieris
1374 4968 1595 5038 insectantur
1616 4995 1700 5054 vos,
1726 4984 1766 5041 ut
1785 4970 1862 5042 sitis
1875 4970 1940 5039 lilii
1958 4971 2070 5064 patris
2088 4972 2219 5056 vestri,
2246 4969 2365 5067 quieti

327 5071 414 5140 tetri
429 5083 510 5156 nro,
536 5085 572 5142 et
585 5084 663 5143 tum
681 5073 829 5144 veniens
846 5073 937 5142 offer
951 5099 1083 5146 munus
1099 5087 1213 5148 tuum.
1251 5075 1323 5144 lla-
1373 5072 1414 5142 in
1447 5071 1575 5155 coelis,
1610 5073 1693 5166 quia
1727 5074 1838 5149 sulem
1863 5099 1968 5152 suurn
1989 5075 2128 5156 exoriri
2147 5076 2242 5154 sinit
2268 5090 2364 5164 supet

328 5174 412 5243 beto
426 5174 714 5246 benevolentiam
731 5201 812 5246 cunr
829 5177 1037 5247 adversario
1051 5191 1115 5248 tuo
1130 5177 1214 5262 cito,
1235 5181 1322 5249 dum
1374 5176 1489 5246 malos
1516 5197 1560 5244 ac·
1576 5176 1714 5260 bonos,
1748 5189 1783 5246 et
1805 5177 1965 5269 pluviam
1991 5177 2103 5246 mittit
2124 5199 2239 5272 super
2264 5177 2365 5246 iustos

329 5299 367 5346 es
388 5274 427 5343 in
449 5277 506 5344 via
531 5300 610 5347 eum
634 5279 720 5361 illo,
746 5301 792 5348 ne
808 5281 1004 5374 quandote
1020 5283 1325 5352 tradatadversa·
1374 5290 1409 5347 et
1435 5276 1599 5352 iniustos.
1631 5277 1724 5358 Nam
1745 5279 1777 5352 si
1797 5280 1993 5360 dilexeritis
2015 5305 2098 5364 eos,
2130 5281 2195 5375 qui
2219 5278 2365 5372 diligunt
2405 5313 2406 5330 ¹

431 5395 435 5402 '
736 5376 747 5414 ·’
1371 5404 1455 5466 vos,
1482 5384 1579 5476 quod
1603 5383 1803 5474 praemium
1825 5379 1990 5457 habetis?
2039 5383 2167 5456 Nonne
2186 5375 2363 5476 publicani
2405 5375 2406 5384 ¹

362 5456 395 5575 l)
414 5513 530 5575 protes]
547 5512 598 5567 ud
619 5512 695 5564 rste.
713 5525 873 5578 perpetu:
897 5517 984 5568 uros.
1372 5483 1468 5554 idem
1491 5483 1652 5556 iaciunt?
1702 5485 1812 5558 Eritis
1836 5485 1946 5577 igitur
1966 5488 2222 5579 vesperum,
2249 5509 2362 5581 quem·

2398 5599 2406 5670 l

2405 5711 2406 5800 l

2405 5835 2406 5886 l

2405 5893 2406 5930 l
