4938 5966
117 269 188 340 ³17

125 467 195 510 ma
214 453 287 524 est,
313 443 361 510 ad
379 465 490 536 quam
503 457 633 536 suapte
646 397 783 516 πεδιέων
795 444 967 518 ducitur.
1011 446 1153 547 snare.

123 545 250 634 igitur
266 543 459 629 Musarum·
472 569 625 616 carmen·
641 560 714 631 est,
742 549 915 642 quonism
937 549 1038 633 linit,
1064 545 1136 619 hoe

125 661 211 730 est,
234 672 300 718 sua
317 649 428 739 ipsius
445 661 574 740 sponte
591 650 769 744 sequitur.
792 729 797 737 ¹
823 651 1004 723 Homerm
1026 665 1133 743 poeta

122 751 325 822 Nestorem
343 750 519 840 insignem
537 765 720 822 oratorem
731 755 988 844 descripturus,
1003 754 1134 848 inquit,

123 850 230 950 [ll-l,
240 848 352 950 242]
372 850 521 927 τοῦκαδ
535 849 611 928 ἀπὸ
623 848 797 954 γλώσσης
807 854 953 949 μέλιτος
967 853 1135 957 γλυκίων

122 953 214 1050 ῥέεν
231 948 344 1050 αι’δή.
380 955 491 1028 Cuius
506 959 552 1026 ab
567 981 631 1027 ore
647 958 728 1028 lluit
741 983 832 1043 vor,
858 960 963 1028 melle
981 959 1134 1054 liquenti

125 1058 291 1129 dulcior.
342 1058 503 1128 Tantum
522 1061 650 1144 refert,
677 1065 776 1156 quod
799 1075 943 1132 acturus
957 1062 1031 1145 sis,
1058 1085 1133 1131 uon

130 1173 363 1252 repugnante
395 1160 585 1246 Minerva,
624 1177 665 1234 ut
694 1187 775 1234 cum
795 1163 961 1234 Horatio
989 1165 1133 1259 loquar,

132 1265 261 1337 obeas.
307 1263 404 1340 'l'um
420 1289 507 1338 vero
524 1265 710 1338 indefesse.
752 1267 947 1364 Numquid
966 1269 1131 1338 omnium

134 1368 237 1459 quod
253 1378 288 1437 et
304 1367 629 1445 miuusmolestum
644 1369 712 1454 sit,
737 1383 773 1440 et
789 1373 1051 1442 contendamus
1075 1394 1132 1442 ar·

130 1468 300 1552 dentius,
327 1494 436 1565 quam
453 1469 490 1540 id
506 1470 754 1544 cuissiusevit
768 1475 875 1544 nobis
887 1497 1050 1544 amorem
1068 1497 1132 1544 ua·

130 1585 232 1641 tura.

239 1667 332 1768 ἡδύς
338 1684 359 1760 ,“
378 1655 522 1768 ἡδίων,
546 1669 708 1770 ἥδιστος.
763 1677 821 1750 Sic
847 1669 1006 1778 γλυκύς,
1039 1682 1131 1778 γλυ-

130 1771 251 1861 κίων,
294 1771 504 1874 γλύκιστος.
583 1776 787 1850 Decliuatio
818 1781 857 1849 in
888 1779 1131 1866 Heteroclitis‚

128 1877 254 1947 Motio
268 1879 307 1946 in
324 1877 439 1971 capite
455 1879 615 1951 nominis
629 1895 739 1975 patet.

229 1977 331 2054 ’Άδω
360 2005 470 2068 cano,
504 1977 603 2078 αὐδή
631 2009 796 2070 carmen,
830 1999 865 2056 et
886 1986 1037 2077 prolatis
1060 1985 1130 2081 syl·

129 2083 226 2154 labis
243 2076 375 2180 ἀοιδή,
400 2108 533 2179 equo,
559 2087 673 2157 reciso
696 2114 740 2172 α,
773 2090 813 2158 fit
835 2084 916 2188 ᾠδή
941 2115 1008 2184 pro
1031 2081 1129 2186 οῑδή.

126 2185 230 2256 Hinc
245 2199 297 2257 est
320 2187 603 2280 compositorum
629 2215 744 2284 prope
767 2191 880 2260 nimia
906 2192 1031 2285 copia,
1055 2217 1130 2264 κω-

105 2329 112 2340 ·
130 2285 423 2388 μῳδίαιοοπιοο
439 2292 509 2361 ioci
527 2294 746 2380 convivalis,
769 2290 966 2393 τραγῳδία
983 2318 1129 2365 carmen

130 2391 309 2483 tragicum
325 2406 392 2465 etc.
418 2391 423 2404 ’
442 2393 593 2466 Declina
610 2391 709 2490 αὐδή
723 2393 815 2468 sicut
829 2401 968 2489 μοῦσα.

237 2506 343 2606 Ῥέω,
369 2516 543 2600 verbum,
567 2507 654 2586 lluo.

231 2607 471 2710 Ἀκᾶματον,
502 2617 719 2688 adiectivum
737 2617 900 2686 adverbii
917 2617 1032 2688 vicem
1048 2619 1129 2687 luu-

127 2743 241 2810 gens,
278 2742 354 2787 non
374 2719 575 2804 laboriose,
610 2720 805 2804 indefesse,
840 2723 885 2803 ab
910 2747 936 2793 α
958 2719 1128 2814 privandi

126 2834 236 2908 nota,
259 2833 294 2890 et
308 2815 444 2916 κάμνω
458 2824 599 2905 laboro,
626 2823 811 2918 quomodo
831 2847 852 2896 a
869 2817 1042 2920 κάματον
1055 2825 1128 2896 sor-

127 2937 270 2994 matum
288 2924 352 3010 sit,
378 2925 471 2999 inlra
494 2929 540 2996 de
564 2925 768 2998 verbalibus
789 2924 894 3018 leges.
947 2926 1128 3000 Homerus

661 269 787 344 xclV.
835 272 1167 346 eustatmus
1199 273 1396 348 GRAECA
1427 273 1657 351 thracus.

1169 2940 1314 3013 ‘misene
1346 2943 1566 3029 declinatur,
1604 2972 1628 3040 η

2129 289 2183 362 'l'b

1182 479 1183 484 ¹
1241 491 1247 498 ·
1291 447 1412 539 θεᾶν,
1439 448 1570 543 assa,
1596 457 1663 542 pro
1678 451 1804 545 θεῶν,
1831 454 2013 544 genitivus
2033 459 2182 550 pluralis

1188 561 1260 633 est,
1285 550 1368 618 vide
1384 555 1541 644 porion.
1834 631 1838 638 ,

1289 647 1354 724 ὅσι’
1370 654 1467 724 acuit
1481 654 1660 739 ultimam,
1688 670 1741 727 est
1755 658 1849 728 euim
1869 660 2039 756 oblmuus
2052 687 2182 735 mono-

1186 753 1315 847 syllabi
1333 755 1427 824 acuti
1446 754 1520 880 dp,
1546 782 1627 828 cor.
1685 756 1966 860 Declinar‘pd'p‚
1996 770 2063 860 τῆς
2077 763 2182 859 ὀπός,

1184 861 1232 950 τῇ
1249 853 1333 942 ὀπί,
1359 852 1430 951 τὴν
1443 857 1519 931 ὄπα
1533 862 1755 934 accusativus
1772 867 1997 956 penaruitur.
2048 868 2142 940 Nam
2161 893 2180 938 e

1184 960 1307 1050 regula
1322 961 1550 1052 excipiuntur
1564 965 1757 1034 accusativi
1773 991 1897 1038 omnes
1913 979 1949 1036 et
1963 969 2182 1039 nominativi

1185 1063 1308 1132 duales
1325 1075 1361 1130 et
1374 1063 1552 1152 plurales,
1578 1079 1618 1136 ut
1628 1064 1730 1163 χείρ,
1753 1066 1897 1165 χειρός,
1918 1064 2036 1167 popl,
2058 1073 2180 1169 χεῖρα.

1185 1163 1235 1234 sic
1253 1165 1297 1234 de
1314 1165 1512 1254 similibus,
1538 1159 1662 1267 ὦὸψ,
1685 1166 1735 1244 τὰ
1750 1171 1836 1263 ὄπι,
1861 1174 1948 1246 ταῖν
1969 1171 2099 1264 soso,
2124 1198 2180 1244 re-

1185 1267 1282 1361 liqua
1300 1281 1460 1358 praestat
1476 1271 1655 1362 analogia.

1286 1367 1488 1468 λειριοέσσῃ
1508 1374 1722 1446 adiectivum
1748 1377 1989 1448 foemininum
2010 1391 2178 1448 movetur

1184 1467 1384 1570 ὅλειριόεις
1397 1473 1550 1560 florens,
1577 1482 1645 1551 τοῦ
1667 1472 1888 1574 tandum
1906 1481 2055 1574 quintae
2069 1481 2180 1550 decli»

1184 1586 1259 1646 nat.
1275 1573 1393 1665 simpl.
1433 1571 1698 1676 ἧλιιριόισσα,
1730 1585 1794 1678 τῆς
1817 1579 2039 1678 λειριοέσσης
2055 1607 2179 1654 secun-

1183 1677 1262 1750 dae.
1296 1671 1339 1748 τὸ
1359 1675 1533 1774 λειριόιν,
1557 1687 1626 1756 τοῦ
1642 1677 1860 1780 λειριόεντος
1874 1685 2034 1780 quintae.

1284 1775 1380 1872 Ergo
1406 1777 1472 1854 ὀπὶ
1498 1781 1700 1902 λειριοέσσῃ
1722 1781 1970 1882 σκιδναμένῃ,
1997 1809 2084 1858 voce
2108 1785 2175 1858 flo-

1182 1879 1276 1951 renti
1293 1881 1427 1966 lracta,
1453 1883 1567 1954 dativr
1585 1901 1670 1960 sunt
1684 1890 1741 1958 vel
1762 1891 1851 1962 serti
1868 1915 1988 1974 casus,
2015 1885 2176 1987 λειριόιις

1182 1985 1502 2065 denominativum,
1524 1991 1665 2081 copiam
1695 1991 1896 2084 siguificare
1919 1993 2082 2076 videtur,
2115 2004 2178 2062 aut

1182 2087 1474 2176 similitudinem,
1501 2092 1672 2179 floridus,
1699 2120 1719 2164 a
1744 2091 1905 2191 λείριον,
1928 2120 2001 2190 quo
2027 2090 2175 2166 nomine

1182 2190 1328 2282 proprie
1345 2190 1502 2264 Narcissi
1519 2195 1645 2265 florem
1667 2195 1859 2288 significari
1875 2199 1989 2269 aiunt.

1251 2363 1255 2372 '
1283 2309 1361 2422 (Vs'.
1386 2325 1466 2425 42)
1486 2327 1755 2428 σκιδναμένῃ,
1789 2333 1962 2428 dispersa.
2021 2331 2175 2404 Dativus

1057 2497 1060 2506 ,
1181 2443 1243 2501 est.
1296 2431 1466 2515 Moretur
1481 2426 1747 2524 σκιδνάμενος,
1774 2459 1839 2529 νη,
1864 2459 1948 2509 νον.
2001 2435 2096 2520 Nota
2119 2443 2173 2506 est

1180 2531 1347 2608 declina
1364 2534 1472 2602 verbo
1489 2529 1696 2629 σκίδναμαι
1712 2561 1882 2635 spargor,
1905 2549 1946 2607 ut
1963 2537 2073 2628 infra.
2191 2595 2197 2606 .

1283 2633 1366 2728 ἠχεῖ
1375 2649 1500 2728 sonat,
1521 2639 1567 2706 ab
1584 2634 1683 2732 ἠχώ,
1702 2640 1812 2729 ‚tertio
1829 2664 1985 2733 persona
2008 2663 2176 2732 praeseu-

1180 2736 1243 2817 tis;
1267 2733 1355 2806 hinc
1371 2733 1472 2832 ἠχώ,
1498 2733 1608 2824 echo,
1635 2741 1835 2824 derivatum
1855 2754 1919 2814 est.
2161 2806 2165 2815 .

1281 2836 1407 2936 Κάρη,
1442 2842 1664 2936 frequentius
1687 2856 1740 2914 est
1762 2841 1880 2940 κάρα,
1922 2856 2048 2936 caput;
2091 2863 2177 2934 pro-

1614 2940 1626 2967 ‘
1651 2939 1769 3042 κάρα,
1788 3024 1791 3035 ,
1812 2951 1878 3041 τῆς
1894 2943 2032 3071 κάρος,
2062 2958 2109 3038 et
2130 2941 2175 3018 sd

125 3023 330 3120 ἀκάματον
344 3033 422 3124 πῦρ
438 3053 506 3120 pro
523 3025 728 3120 vehementi
745 3029 827 3121 igue
844 3029 935 3100 dixit
954 3053 996 3100 ae
1017 3055 1126 3124 supra
1178 3027 1296 3140 κᾶροι,
1320 3049 1390 3118 τοῦ
1405 3037 1569 3142 κέρατος
1584 3073 1607 3143 a⁸
1622 3041 1811 3144 κάρανον,
1844 3063 1879 3120 et
1893 3045 1937 3121 τὸ
1953 3073 2075 3144 καρῃ,
2104 3049 2174 3122 τοῦ

124 3131 282 3200 modum
312 3129 567 3204 effervescenti.
633 3132 725 3203 Sunt
761 3145 796 3203 et
823 3133 915 3202 aliae
949 3137 1126 3228 quaedam
1178 3142 1385 3243 χαῃῇατος,
1412 3143 1616 3250 ειῆκάρη,
1642 3149 1848 3248 τῆςκάρῃς.
1911 3145 2171 3257 Callimachus:
2232 3199 2240 3212 .

125 3233 350 3328 particulae,
391 3235 522 3332 quibus
547 3238 645 3330 quod
671 3237 760 3306 citra
782 3236 944 3306 laborem
968 3238 1028 3322 fit,
1067 3239 1128 3307 de·

123 3337 340 3422 scribimus,
367 3350 406 3407 ut
423 3333 607 3437 ἀνιδρωτί
612 3388 626 3430 ,
656 3339 745 3410 citra
762 3342 943 3410 sudorem.

227 3452 516 3549 Ἐκστομιέτων.
548 3453 592 3530 τὸ
609 3455 752 3552 στόμα,
786 3455 994 3552 στόματος,
1026 3454 1148 3532 Neu--

132 3573 232 3629 trum
250 3558 398 3654 quintae
416 3559 666 3634 declinationis
682 3560 912 3653 simplicium.

231 3657 353 3738 τῶνδε
374 3664 648 3755 demonstrativi
671 3664 899 3756 pronominis
921 3663 1128 3756 significan·

123 3765 181 3836 tie
203 3778 275 3847 est,
313 3763 448 3860 quippe
471 3768 692 3860 compositus
716 3767 886 3840 articulus
907 3767 1127 3860 praepositi-

122 3893 215 3953 vus,
238 3863 322 3956 tta,
349 3861 437 3964 ἥδε,
462 3863 562 3944 τόδε.

230 4001 308 4097 (Vs.
326 4000 407 4100 40.)
440 4007 539 4100 Pata·
558 3998 655 4078 δέτι
677 3999 838 4098 διόματα
863 4007 1018 4097 templa,
1054 4001 1127 4079 dci»

118 4129 200 4200 μα,
237 4101 414 4198 δώματος
437 4101 706 4191 exhilarantur,
744 4112 835 4207 γελᾷ
868 4132 1039 4200 praesens
1073 4121 1127 4179 est

120 4209 245 4278 neutri
269 4210 370 4279 verbi
394 4203 539 4309 γελάω,
578 4210 701 4293 rideo,
743 4213 889 4281 numeri
919 4211 1125 4303 singularis.

122 4311 249 4382 Solent
272 4314 370 4382 enim
399 4311 549 4399 Graeci,
581 4314 780 4384 Ammonio
804 4326 952 4398 autore,
985 4315 1125 4386 neutris

121 4415 287 4507 pluribus
304 4417 391 4484 dare
407 4416 609 4506 singularia
622 4418 798 4509 apposita.
861 4448 864 4457 ·

223 4547 303 4640 (Vs.
318 4545 398 4640 tt.)
425 4545 548 4643 Ζηνός
562 4574 581 4620 a
597 4547 712 4644 Ζεύς,
738 4561 918 4641 utsupra.

223 4645 461 4750 ἐριγδούποιο
475 4653 652 4735 tonantis,
680 4655 725 4722 ab
745 4651 801 4746 i'pt
825 4654 984 4745 augendi
1008 4653 1119 4745 parti-

1172 3245 1324 3346 ’Ἀρτεμι
1339 3247 1408 3374 usp
1421 3277 1460 3322 τι
1475 3249 1596 3350 καρὴν
1614 3249 1767 3346 α’ἰμοσα,
1793 3251 1861 3328 σόν
1874 3276 1915 3326 τι
1929 3248 2031 3350 βίον.

1282 3353 1488 3448 Νιφοεντος
1515 3379 1534 3422 a
1559 3350 1721 3452 νιφόιις,
1757 3381 1862 3427 move
1886 3358 1978 3426 sicut
1998 3351 2173 3450 λιιριόεις,

1179 3451 1335 3522 nivalem
1362 3455 1546 3546 siguificat.
1614 3456 1673 3527 sic
1699 3460 1896 3552 Olympum
1927 3457 2174 3549 cognominat,

1179 3552 1253 3626 sive
1279 3557 1377 3650 quod
1400 3557 1501 3627 nives
1516 3559 1707 3643 demittat,
1744 3561 1819 3630 sive
1845 3561 1984 3654 quode
2008 3558 2107 3627 tenui
2132 3583 2174 3626 ac

1179 3659 1316 3728 nivium
1334 3657 1442 3730 simili
1459 3661 1609 3731 materia
1625 3662 1691 3746 sit,
1718 3657 1813 3746 ὅλως
1837 3655 2006 3755 λαμπρός
2028 3661 2174 3742 scilieet,

1180 3785 1272 3854 quae
1298 3761 1549 3852 interpretatio
1573 3765 1764 3836 videbatur
1791 3765 2040 3855 adiungenda,
2069 3763 2173 3856 quod

1179 3863 1345 3955 ambigua
1367 3865 1413 3934 sit
1429 3865 1640 3956 significatio
1659 3871 1729 3942 τσῦ
1744 3859 1958 3964 νιφόεντος,
1982 3876 2074 3936 utet
2091 3863 2174 3933 reli-

1179 3990 1334 4061 quorum
1353 3963 1458 4039 huius
1475 3971 1614 4042 formae
1631 3970 1670 4038 in
1688 3995 1749 4051 εις.

1281 4101 1358 4200 (Vs.
1375 4101 1456 4203 48.)
1480 4099 1568 4179 Aill'
1586 4103 1782 4204 ἄμβροτον
1795 4104 1915 4181 ὄσσαν
1928 4073 2073 4192 δεῖσαι,
2097 4101 2173 4172 Hae

1179 4205 1383 4276 immortale
1406 4233 1552 4278 carmen
1580 4215 1734 4280 edentes.
1784 4205 1899 4296 ‘Upae
1920 4206 2174 4275 immortalita-

1178 4323 1248 4380 tem
1274 4311 1399 4381 Musae
1423 4312 1571 4404 pariunt
1599 4306 1805 4382 hominibus
1831 4307 1871 4382 ἐκ
1893 4304 1969 4407 γὰρ
1988 4297 2172 4403 μουσάων

1176 4412 1279 4495 κλέος
1308 4409 1525 4509 ἄμβροτον,
1570 4428 1609 4484 ut
1630 4411 1845 4484 Theocritus
1875 4411 1948 4495 ait,
1991 4408 2174 4503 dprivat,
2287 4497 2288 4502 ἵ
2341 4386 2343 4394 ¹

1175 4507 1313 4614 βροτός
1329 4517 1502 4587 mortalis.

1278 4613 1362 4704 ἱείς,
1390 4613 1505 4704 ἱεῖσα,
1539 4613 1597 4690 ἱέν
1614 4613 1843 4727 participium
1871 4615 1915 4684 ab
1937 4611 2040 4712 ῗῃμι,
2072 4627 2113 4685 ut
2134 4613 2173 4680 in
2268 4622 2276 4632 ’

117 4753 199 4824 cula
225 4756 475 4846 componitur,
503 4768 539 4826 et
561 4751 703 4837 δοῦπος
722 4755 872 4827 sonitus.
898 4797 902 4802 ·
936 4755 1120 4830 Nam-tut·
1177 4721 1296 4791 Verbi
1314 4739 1448 4792 cemes·

116 4857 260 4926 minum
278 4869 385 4928 autor
398 4855 536 4950 lupiter
550 4870 613 4930 est.
668 4853 885 4954 lpidovnoe,
906 4883 934 4958 γ
958 4860 1120 4950 interpo-
1254 4855 1333 4952 (Vs.
1344 4855 1422 4955 44.)
1444 4856 1550 4930 θεῶν
1565 4855 1674 4956 γένος
1689 4851 1850 4950 αἰδοῖον,
1866 4859 2016 4950 πρῶτον
2028 4847 2172 4926 κλείου-

115 4960 218 5030 uitur
256 4961 411 5050 augendi
444 4963 617 5054 temporis
644 4962 773 5052 gratia.
827 4957 1122 5062 ὂέρίγδσιιπσς,
1177 4981 1237 5036 σιν
1256 4955 1377 5056 ἀοιδῇ.
1431 4959 1588 5030 Scande:
1623 4961 1730 5034 θεῶν
1753 4957 1861 5059 γένος
1884 4960 1923 5026 in
1946 4953 2078 5050 dactyli
2103 4979 2187 5066 nu-=

113 5066 186 5136 τοῦ
203 5060 431 5162 ἐριγδούπου
451 5059 516 5136 καὶ
535 5059 771 5161 ἐριγδούποιο
791 5061 931 5148 lonice,
970 5089 1043 5159 quo
1060 5088 1120 5155 ge·
1175 5087 1315 5134 merum
1339 5065 1504 5146 redacto,
1546 5062 1652 5138 θεῶν
1675 5066 1763 5134 duas
1788 5060 1943 5153 syllabas
1975 5082 2047 5128 una
2074 5082 2171 5128 com-

113 5166 233 5236 nitivo
252 5165 314 5237 bie
326 5165 504 5238 Hesiodus
519 5171 643 5257 utitur.
693 5167 760 5235 llic
777 5168 990 5238 observabis
1007 5167 1118 5258 parti·
1176 5167 1341 5256 plectere,
1356 5179 1397 5236 ut
1413 5168 1508 5258 apud
1520 5165 1719 5235 Homerum
1737 5161 1797 5262 [ll.
1812 5159 1840 5246 l,
1859 5155 1924 5259 1.]‚
1941 5165 2055 5254 μῆνιν
2073 5155 2172 5233 ἄειδε

112 5270 213 5340 cules
244 5273 322 5342 sola
355 5269 616 5361 smapositieue
646 5283 857 5360 usurpatas,
897 5268 977 5361 ips,
1012 5265 1123 5358 ζωαὶ
1174 5265 1251 5340 θεὰ
1266 5265 1504 5364 Πηληϊάδεω,
1534 5293 1602 5360 pro
1618 5260 1838 5362 Πηληϊάδω,
1864 5265 2013 5356 perinde
2031 5259 2175 5331 aeetias

111 5371 248 5444 similes
266 5367 465 5474 spadum
482 5375 678 5446 admodum
692 5371 846 5458 floreus,
869 5365 1013 5462 ζάθιος
1030 5373 1122 5445 disi·
1173 5371 1301 5442 vocali.
1355 5369 1448 5444 Nam
1481 5375 1586 5464 longa
1612 5371 1758 5440 brevem
1783 5367 1959 5462 concipit,
1994 5377 2030 5435 et
2047 5361 2173 5451 llesio-

108 5499 180 5547 uus
197 5489 264 5548 etc.
1100 5507 1105 5519 ·
1171 5477 1258 5561 dus,
1290 5475 1375 5570 ῥεῖα
1391 5469 1463 5569 μὲν
1491 5470 1567 5575 γὰρ
1588 5469 1732 5571 βριάει,
1767 5471 1870 5567 quasi
1893 5473 1991 5562 legas
2011 5491 2066 5564 pst
2086 5489 2173 5561 μιν,
