4910 5964
113 410 405 504 rideri3potuit,
445 411 617 504 elegimus
644 410 925 506 Imperatorem,
948 413 1005 484 'in
1036 437 1108 508 quo

114 539 201 586 mm
218 516 355 591 virtute
368 517 531 608 potantia
551 515 742 588 coniuncta
767 529 844 601 est,
865 529 907 588 ut
921 517 997 587 obas
1015 517 1110 588 vires

112 616 298 711 praesidio
320 629 438 688 essent
461 617 647 710 religioni,
677 617 855 713 lmp'eeio,
880 633 918 690 at
939 621 1109 691 universo

111 720 258 790 nomini
274 715 495 792 Christiano.
803 749 816 756 ·‘

218 855 379 926 Proinde
398 880 462 928 vos
481 856 647 949 auspiciis
660 853 807 950 imperii
823 857 936 951 ipsius
955 857 1050 929 laeta
1075 871 1112 928 et

112 959 471 1051 fausta'precamini,
492 959 596 1056 eique
613 957 773 1032 libenter'
789 961 952 1045 obedite,
986 973 1027 1032 ut
1050 961 1110 1032 de-

114 1075 172 1133 cet
197 1061 378 1155 principes
402 1061 615 1155 et'populos
639 1077 800 1134 amantes
824 1065 988 1156 publicae
1011 1077 1110 1133 tran-

114 1158 315 1260 quillitatis.
372 1159 573 1235 ¹Postremo
601 1191 682 1236 rum
708 1166 892 1256 ingentem
915 1168 1050 1236 luctum
1076 1178 1111 1236 et

112 1289 320 1338 moerorem
342 1263 509 1338 interitus
532 1265 773 1338 Maximiliani
795 1266 976 1354 attulerit,
1010 1272 1111 1337 decet

114 1383 181 1441 tos
196 1371 273 1439 vim'
286 1370 352 1440 sa'ti
368 1370 684 1466 aequiorc'animo'
701 1371 814 1456 ferre,
840 1384 1032 1466 postquam
1049 1365 1111 1444 ness

113 1495 202 1568 pos,
228 1498 335 1568 quem
351 1471 411 1556 ille
428 1468 676 1546 charissimum
691 1470 836 1558 babuit,
863 1483 898 1544 et
919 1475 1025 1548 nobis
1047 1467 1111 1542 ali-

114 1573 264 1674 quando
298 1573 583 1663 commendavit,
628 1576 697 1672 ipsi
730 1569 915 1660 suecessit,
961 1590 1003 1647 ut
1035 1601 1111 1646 non

114 1681 268 1769 omnino
299 1675 473 1750 extinctus
500 1675 616 1751 videri
644 1676 767 1773 possit.
832 1677 974 1750 Deinde
999 1679 1111 1772 ipsius

114 1783 284 1853 manibus
309 1778 379 1851 boc
402 1781 557 1852 officium
582 1781 748 1867 tribuite,
780 1792 822 1853 ut
837 1779 969 1852 maiori
991 1783 1110 1853 studio

113 1885 242 1979 nepoti
257 1883 434 1978 pareatis,
460 1898 495 1955 et
513 1884 670 1958 consiliii
683 1885 811 1957 vestris
827 1898 862 1955 et
878 1885 1009 1980 copiis,
1036 1911 1111 1956 sus-

115 1987 308 2081 cipientem
331 1971 579 2082 gravissimam
600 1985 748 2080 imperil
771 1987 927 2076 molem,
970 2011 1109 2060 summa

115 2088 310 2161 concordia
344 2089 531 2167 adiuvetis.
599 2089 708 2186 Quod
735 2099 778 2161 eo
802 2091 910 2181 etiam
934 2087 1036 2160 vobis
1058 2092 1111 2160 sa-

115 2191 284 2280 ‘cien'dbm
311 2192 365 2264 esi
386 2172 651 2277 matore‘cura,
691 2188 732 2264 ut
748 2191 897 2284 lmperii
919 2193 1111 2284 possessio-¹

115 2311 201 2366 'nem
216 2284 415 2380 i'etinealtis,
425 2293 547 2390 fildam
563 2293 639 2367 sine
657 2295 849 2368 concordia
867 2289 962 2366 tueri
977 2319 1125 2392 nequa-¹

116 2421 228 2494 quam
252 2401 466 2494 possumus(
484 2391 671 2490 Gb'gitate'
689 2399 830 2480 autem,
849 2411 1032 2494 'quantum
1049 2389 1112 2476 ,d'ess

116 2527 178 2574 cus
193 2503 260 2586 sit,
271 2525 396 2571 'ranam
412 2497 506 2592 hanc
519 2469 706 2570 uatibbitm
722 2495 896 2572 delectam
914 2507 1001 2585 esse,
1019 2525 1112 2596 quae

114 2629 195 2676 non
209 2601 452 2701 ta'ntum'rsuos
472 2605 561 2675 fines
579 2600 806 2689 defenderet,
832 2604 894 2674 sed
907 2617 1035 2676 'custos
1054 2617 1112 2675 'es-

113 2701 295 2780 seteti'am
316 2721 542 2805 caeterarum
562 2702 746 2798 gentium,¹
777 2720 813 2778 et
834 2731 901 2799 pro
927 2699 1112 2778 communi

114 2809 235 2882 salute
255 2804 460 2881 Christiani
481 2807 641 2881 nominis
663 2811 896 2902 praecipuam
919 2807 1111 2882 stationem

115 2907 277 2985 teneret?
306 2906 522 2982 ‘ltue‘uecus‘
536 2907 664 3003 mli'gna
686 2913 819 2984 virtute
836 2923 981 3005 partum
998 2933 1017 2982 a
1035 2903 1113 2982 m'a·

115 3016 283 3118 ioribn‘s,
302 3020 337 3085 et
355 3003 471 3098 bnn'os
483 3003 649 3113 serbiam
662 3013 897 3107 octingentos
909 3015 947 3090 in
964 3011 1032 3085 bae
1048 3039 1112 3084 na-

115 3113 221 3198 tione'
240 3115 505 3188 'consetiatu'tn=
517 3112 693 3210 ‘sapientia
712 3132 748 3188 et
763 3119 955 3188 concordia
978 3119 1112 3213 princi-

115 3247 230 3315 pum,
262 3219 375 3291 nolite
394 3223 494 3290 nune
509 3234 578 3312 per
594 3221 811 3292 discordiam
836 3213 1021 3304 amittere,
1055 3245 1113 3291 ea·

118 3349 191 3422 que
218 3309 256 3394 in
273 3325 329 3419 ''re
349 3331 435 3394 cuin'
455 3329 596 3394 vestrae
625 3323 761 3415 gloriae
787 3335 822 3394 et
844 3323 1130 3420 tranquillitati,·

116 3433 200 3498 tuni
210 3426 299 3498 verb
313 3415 425 3497 saluti
436 3425 534 3498 orbis
547 3430 727 3496 terrarum
752 3425 937 3497 consulite.
999 3423 1113 3521 ldque

118 3518 522 3639 officiulrifprltitipes,
549 3541 586 3598 et
598 3528 678 3613 eos,
705 3529 770 3624 qui
792 3540 966 3622 praesunt
978 3527 1113 3622 Reipu-

116 3631 254 3718 bllt'ae,
270 3633 276 3668 ²
295 3631 453 3701 'maxime
477 3633 607 3702 debere
630 3629 709 3702 Deo
738 3633 883 3703 statuite
893 3646 908 3715 ,'
944 3645 985 3702 ut
1017 3656 1113 3702 com-

116 3733 343 3808 muni'taluti
358 3733 525 3806 omnibus
535 3735 678 3818 ,viribus
694 3737 893 3807 consulant.

221 3871 321 3944 llaec
343 3857 567 3943 renuntianti
586 3875 741 3968 populus
757 3899 837 3944 cum
853 3874 982 3966 plausu
999 3875 1116 3944 accla-

117 3978 268 4080 mabat*
288 3971 394 4052 Nihil
405 3976 502 4070 enim
524 3978 692 4048 omnibus
716 3977 903 4068 ordinibus
919 3989 997 4065 erat
1014 3989 1115 4068 opta-

117 4080 227 4175 tius,¹
245 4102 354 4176 quam
380 4078 476 4150 eludi
500 4081 784 4172 expectationem
806 4080 1018 4164 Gallorum,
1051 4079 1115 4172 qui

116 4179 314 4275 Imperium
341 4181 409 4253 sibi
432 4184 710 4284 desponderant.
761 4179 887 4277 ltaque
909 4180 1032 4259 audito
1049 4181 1116 4252 Ga-

116 4287 191 4377 roli
206 4285 366 4370 nomine,
394 4310 518 4358 omnes
534 4311 606 4358 una
624 4311 712 4356 voce
730 4299 764 4354 et
781 4308 957 4356 consensu
973 4283 1116 4352 electio-

116 4415 202 4460 nem
227 4391 490 4482 approbabant.
556 4391 680 4482 Agunt
709 4388 843 4482 gratias
867 4385 945 4460 Deo
976 4385 1114 4481 optimo

116 4495 278 4566 maximo
294 4491 472 4586 primum,
499 4493 597 4588 quod
617 4505 733 4564 metus
756 4491 915 4562 civilium
937 4483 1114 4582 bellorum

114 4596 280 4670 sublatus
322 4608 400 4665 erat
439 4619 615 4668 consensu
648 4595 923 4690 suffragiorum
973 4592 1115 4680 deinde,

116 4701 219 4796 quod
246 4722 371 4770 omnes
397 4699 605 4770 iudicabant
628 4698 800 4769 divinitus
828 4697 911 4786 orbi
935 4709 1114 4768 terrarum

114 4803 314 4880 salutarem
344 4801 545 4896 principem
575 4804 698 4873 datum
721 4823 815 4882 lesse.
874 4799 1010 4898 Omnes
1040 4801 1114 4870 iam

115 4920 197 4976 tum
231 4905 489 4978 ominabantur
512 4901 620 4976 buius
643 4903 765 4974 Caroli
788 4903 957 4976 virtutem
982 4916 1018 4973 et
1039 4903 1115 4996 leli·

117 5006 265 5080 citatem
288 5007 468 5102 praesidio
493 5008 652 5080 futuram
677 5007 746 5079 toti
766 5003 955 5099 Europam
992 5030 1115 5078 omnes

118 5123 206 5183 vota
221 5111 413 5211 iaciebant,
438 5124 480 5181 ut
494 5109 652 5205 auspicia
669 5124 786 5184 essent
801 5112 915 5183 lausta
935 5123 971 5181 et
986 5109 1115 5184 felicia.

114 5303 123 5320 .
223 5251 432 5322 Secundum
446 5246 553 5334 baec,
576 5250 684 5342 legati
697 5249 810 5342 ipsius
821 5249 946 5321 Caroli
961 5249 1116 5343 Mogon-

119 5353 173 5424 tia
190 5365 405 5436 evocantem,
419 5353 496 5446 qui
511 5377 644 5446 magno
667 5349 806 5424 bonore
824 5353 982 5446 exoepti,
1007 5367 1115 5448 atque

117 5455 163 5528 in
181 5457 601 5541 comitiomintrodae'tir
623 5457 761 5528 certius·
774 5481 828 5527 ex.
840 5455 928 5549 ipis
942 5455 1117 5528 Elaeam

388 237 448 312 uc
499 237 568 312 ne
592 237 875 316 mucetum
890 237 970 314 ur
990 197 1341 316 conmunione
1370 239 1550 314 cauom
1572 241 1618 316 v.
1645 241 1883 320 causatus.

2075 243 2151 320 tto

1161 416 1229 487 bue
1245 411 1482 507 mgnoacuntz
1510 415 1597 486 Divi
1612 417 1855 490 Maximiliani
1869 431 2068 510 nepotem,
2094 443 2154 490 tu·

1162 519 1218 588 ius
1247 517 1317 610 ipsi
1344 519 1481 610 legatos
1508 521 1680 612 agebant,
1719 521 1863 592 eunetis
1884 521 2063 614 suffragiis
2084 521 2155 592 'rite

1163 620 1337 704 electum,
1366 633 1401 691 et
1421 622 1666 696 renuntiatum
1685 621 2155 716 esseRomanorumlmpe-

1161 735 1334 794 ratorem.
1364 759 1368 770 ·
1380 723 1521 796 Deinde
1537 721 1690 798 adhibiti
1704 728 1744 797 in
1758 726 1947 800 consilium
1965 729 2013 796 ab
2027 727 2155 798 iisdem

1162 825 1398 918 Principibus.
1420 829 1655 900 tuusuluntur
1681 831 1727 900 de
1752 827 2157 921 gubernandalinperil

1163 929 1490 1014 administratione,
1514 935 1643 1016 donee,
1658 935 1765 1004 rebus
1780 934 1818 1002 in
1833 932 2012 1025 Hispania.
2022 932 2156 1004 consti·

1163 1032 1268 1116 tutis,
1295 1032 1502 1104 ceromata
1511 1034 1749 1106 Germaniam
1760 1037 1915 1114 veniret.
1965 1035 2058 1107 Nam
2074 1036 2155 1127 ipso

1162 1136 1290 1227 procul
1320 1137 1467 1206 absente
1497 1135 1722 1208 efficiendum
1754 1150 1867 1222 erat,
1894 1151 1935 1208 ut
1958 1138 2154 1209 Germania

1163 1237 1358 1332 tranquilla
1375 1251 1501 1322 esset,
1537 1263 1628 1310 neve
1651 1240 1810 1312 Gallicae
1837 1239 2012 1311 factiones
2036 1252 2156 1313 motus

1163 1339 1202 1409 in
1217 1340 1413 1410 Germania
1433 1343 1663 1414 excitarent.'
2146 1353 2152 1408 i

1265 1441 1435 1514 Delectus
1456 1458 1509 1516 est
1522 1445 1633 1536 igitur
1648 1445 1843 1516 Gasimlrus
1861 1442 2026 1516 Marcbio
2041 1445 2157 1514 Bran.

1163 1546 1441 1637 denburgensis,
1468 1547 1532 1642 qui
1551 1549 1712 1639 legiones
1723 1549 1831 1619 certis
1846 1548 1885 1627 in
1900 1547 1989 1619 locis
2002 1548 2157 1633 cqlloca-

1163 1661 1219 1719 tas
1240 1645 1450 1720 baberetin
1473 1649 1681 1742 praesidiis,
1724 1664 1760 1722 et
1781 1653 1927 1722 duceret
1950 1650 2157 1732 exereitum,

1163 1751 1279 1846 siqua
1297 1753 1382 1822 belli
1394 1754 1544 1844 gerendi
1556 1753 1747 1826 necessitas
1761 1753 1947 1824 incideret.
1965 1755 1970 1764 “
1987 1749 2159 1827 adiuncti

1163 1868 1248 1926 aunt
1274 1854 1457 1926 Electores
1483 1857 1592 1940 certi,
1632 1881 1787 1953 quorum
1812 1856 1963 1928 consilio
1985 1867 2158 1927 uteretur.

1163 1957 1230 2027 Itis
1252 1959 1359 2029 robus
1383 1959 1605 2042 constitutis,
1645 1961 1754 2052 legati
1776 1959 2028 2054 dimittuntur,
2067 1983 2158 2051 quot

1164 2060 1389 2131 discedentes·
1422 2063 1602 2152 prosecuti
1644 2063 1728 2133 arant
1754 2061 1943 2155 'principes
1975 2059 2159 2132 Elaetbiea

1163 2163 1532 2256 usqueldoguntiam.
1583 2161 1984 2242 lnde,Francot'ordiam
2010 2161 2158 2248 reversi,

1164 2289 1247 2338 suos
1268 2278 1307 2334 et
1329 2265 1399 2356 ipsi
1419 2265 1555 2356 legatos
1577 2291 1657 2336 cum
1681 2267 1865 2352 literiq'ad
1882 2267 2052 2336 Carnium
2075 2266 2158 2334 mb-

1164 2381 1263 2450 tunt,
1271 2367 1380 2438 cuius
1393 2367 1813 2460 legationisl'riderions,
1823 2364 2159 2456 'Palatinusllbeni

1163 2470 1365 2564 principem
1392 2470 1518 2541 locum·
1544 2471 1740 2543 obtinebat.
1807 2469 1947 2544 interea
1975 2469 2159 2542 electionis

1162 2573 1284 2644 nuntii
1315 2574 1475 2665 magnis,
1512 2573 1653 2646 diurnis
1683 2575 1943 2669 nocturnisque
1968 2574 2158 2645 teneritas

1164 2677 1203 2746 in
1216 2675 1430 2768 Hispaniam
1448 2680 1687 2748 contendunt:
1715 2703 1734 2749 e
1757 2678 2007 2772 quibusmmrs
2027 2674 2158 2748 eximia

1164 2779 1345 2850 eeleritate
1367 2779 1526 2849 caeteros
1548 2793 1808 2865 antevertens,
1829 2790 1928 2850 nond
1954 2780 2012 2850 die
2033 2779 2158 2850 ilenti*

1163 2905 1251 2954 naam
1266 2880 1394 2976 (vulgo
1407 2881 1655 2954 Bersellonam
1673 2885 1820 2980 vocant)
1834 2883 2018 2976 pervenit,
2044 2907 2088 2954 ea
2103 2903 2159 2965 eol

1164 2995 1240 3079 quo·
1263 2979 1522 3056 Francolo'rdia
1546 2989 1727 3078 proiectus
1749 3000 1821 3058 est:
1853 3010 2007 3081 cumque
2024 2986 2159 3056 lactum
2217 3007 2219 3012 ·

1164 3101 1446 3183 exoptatumque
1473 3089 1641 3161 nuntium
1666 3089 1753 3162 illno
1776 3090 1970 3172 attolieret,
1993 3114 2024 3157 ‘a
2048 3087 2160 3179 Regae

1165 3215 1271 3286 quem
1288 3190 1327 3262 in
1344 3190 1507 3271 cubiculo
1526 3216 1633 3263 mane
1653 3189 1771 3263 adhue
1794 3195 2035 3287 quiescentem
2059 3192 2160 3262 inve·

1164 3293 1231 3378 nit,
1239 3316 1372 3385 magno
1387 3295 1469 3364 arari
1485 3297 1645 3386 pondere
1661 3297 1816 3366 donatus
1832 3308 1895 3369 est.
1921 3293 2160 3367 Necl'rideri-

1166 3421 1226 3468 cus
1235 3396 1421 3468 Palatinus
1429 3395 1579 3488 longam
1589 3399 1635 3466 »in
1650 3397 1779 3468 itinere
1795 3421 1936 3468 moram
1945 3399 2046 3469 feeit.
2064 3397 2159 3469 Nm

1165 3499 1286 3593 pridie
1296 3499 1693 3572 CalendasDecembris
1706 3501 1835 3571 eodem
1846 3500 2016 3593 pervenit
2024 3525 2038 3580 3³
2057 3523 2159 3570 enm·

1166 3627 1236 3697 que
1257 3605 1306 3672 ad
1329 3603 1456 3671 urbem
1481 3605 1664 3673 accederet
1685 3603 1953 3686 Berselloaam,
1977 3601 2077 3686 tter,
2099 3625 2159 3670 oo·

1167 3705 1276 3797 guito.
1294 3705 1370 3775 eius
1396 3707 1572 3792 adventu,
1604 3709 1649 3776 ad
1673 3708 1877 3785 trimferme
1902 3704 2072 3774 milliaria
2095 3705 2160 3774 ob·

1167 3809 1263 3877 viam
1280 3809 1317 3876 ei·
1328 3810 1512 3900 processit.
1529 3841 1532 3850 ·
1562 3808 1874 3902 bepetis'beaiqne
1888 3822 1924 3879 et
1937 3808 2087 3880 comiter
2095 3832 2159 3878 ex·

1166 3911 1298 4004 ceptis,
1330 3911 1442 4004 inque
1464 3912 1638 4004 oppidum
1665 3913 1912 3997 introductis,¹
1929 3907 2160 4001 liuraettegi

1167 4015 1215 4084 ub
1229 4013 1455 4085 Electoribus
1469 4014 1850 4107 eoriptaeredduntur.
1880 4049 1884 4057 ·
1903 4013 1943 4084 ln
1957 4014 2072 4087 litenis
2086 4015 2159 4103 pn.

1167 4141 1267 4187 mum
1294 4117 1413 4185 inerat
1436 4121 1734 4190 commemoratio
1754 4117 2026 4193 benevolentiae
2053 4115 2160 4184 Prin·

1168 4221 1287 4312 cipum
1305 4241 1387 4310 erga
1406 4217 1596 4304 Caroluur,
1623 4235 1660 4290 et
1674 4220 1794 4290 officii.
1830 4219 1935 4290 Gum
1955 4231 2075 4290 numm
2089 4215 2160 4288 lm·

1167 4323 1269 4416 peria
1299 4323 1375 4392 fato
1405 4335 1595 4413 regantur,
1634 4321 1836 4392 narrabant
1863 4323 2037 4395 divinitus
2062 4319 2160 4393 banc

1168 4421 1378 4495 electionem
1413 4427 1649 4518 gubernatam
1682 4449 1782 4510 esse,
1831 4437 1873 4496 ut
1903 4425 2158 4518 suffragiorum

1168 4527 1420 4612 concordiam,
1452 4541 1488 4597 et
1511 4527 1699 4600 universae
1720 4527 1941 4601 Germaniae
1966 4542 2049 4600 vota
2076 4551 2160 4598 con·

1167 4629 1356 4704 sentientia
1373 4632 1620 4702 ostenderent:
1654 4632 1720 4704 etsi
1737 4631 1809 4726 ipsi
1819 4633 1927 4707 etiam
1944 4631 2077 4703 iudicio
2093 4653 2158 4701 suo

1168 4737 1212 4805 de
1229 4733 1385 4818 familia,
1411 4736 1527 4828 deque
1545 4733 1655 4828 ipsius
1672 4735 1823 4820 virtute,
1849 4735 2029 4806 neminem
2056 4745 2159 4824 puta-

1167 4838 1242 4908 rint
1257 4837 1327 4930 ipsi
1341 4838 1611 4910 anteferendum
1625 4838 1752 4910 tuine.
1796 4837 1889 4909 lluie
1907 4836 2064 4908 orationi
2078 4858 2160 4927 gra·

1168 4941 1260 5010 viter
1284 4937 1437 5032 scriptae
1459 4940 1597 5012 adiecta
1620 4954 1699 5012 erat
1720 4939 1867 5034 petitio,
1899 4951 1941 5010 ut
1962 4939 2159 5031 Imperium

1167 5044 1245 5115 sine
1264 5043 1485 5119 recusatione
1500 5043 1699 5137 acciperet,
1720 5056 1756 5114 et
1771 5043 1972 5116 constitutis
1992 5043 2100 5114 rebus
2120 5041 2161 5117 in

1166 5146 1359 5240 Hispania,
1386 5158 1543 5223 maturet
1565 5147 1635 5220 iter
1655 5147 1693 5216 in
1709 5144 1955 5221 Germaniam.
2008 5145 2160 5218 Carolus

1169 5252 1324 5343 acceptis
1339 5265 1374 5322 et
1389 5253 1488 5324 lectis
1506 5251 1639 5336 literis,
1665 5272 1747 5321 eum
1764 5250 1983 5322 existimaret
2000 5263 2036 5322 te
2056 5248 2159 5344 quasi

1168 5353 1291 5424 divina
1307 5376 1395 5425 voco
1404 5367 1514 5426 tanto
1537 5372 1711 5427 consensu
1724 5355 1844 5426 totius
1861 5355 2000 5448 patriae
2023 5351 2159 5434 vocari,

1169 5457 1235 5528 etsi
1252 5457 1416 5544 videbat,
1443 5471 1578 5554 quanta
1594 5453 1717 5530 rerurb
1731 5459 1845 5531 moles
1859 5456 1927 5531 sibi
1950 5455 2160 5550 imponeba-
