4812 5964
244 279 319 354 ass
449 261 454 274 '
822 278 948 352 rura.
983 277 1098 353 unu.
1132 276 1335 372 semum
1367 277 1736 372 rutuoaoetcs..
2062 229 2072 241 ⁶
2203 282 2282 356 ωε

245 449 332 548 ἄχρι
347 456 510 544 σκελοῖν,
536 450 691 522 Crurum
709 464 834 535 tenus,
859 451 995 522 Graeca
1017 449 1234 521 consruetio.
1391 452 1456 532 ate
1478 461 1513 520 et
1534 450 1569 534 ἐς
1584 451 1720 535 Attice,
1745 457 1788 524 in
1809 445 2015 522 accusativo
2033 447 2280 524 constructum

244 551 358 648 ldque
374 549 442 624 hoe
460 556 540 624 loco
560 577 578 621 a
598 553 745 625 Graecis
760 554 988 637 dissidemus,
1013 553 1076 646 qui
1095 554 1235 622 nullum
1288 554 1479 645 significat,
1512 557 1629 624 solum
1662 554 1901 625 accusativum
1932 555 2059 646 erigit,
2094 541 2146 636 ele
2171 551 2283 652 ὕδωρ

245 658 455 726 adverbium
473 679 596 746 regere
612 680 733 726 casum
749 657 921 740 dicimus,
948 667 983 725 et
998 655 1236 748 praepositio·
1287 654 1438 754 γράφω.
1491 652 1533 724 Iu
1555 681 1686 750 aquam
1709 655 1838 728 scribo.
1892 657 2033 728 Motum
2053 661 2099 728 ad
2113 658 2282 726 inanium

246 747 465 830 nes‘incerto
485 781 637 827 numero
656 761 892 851 deputamus,
917 770 958 828 ut
975 759 1091 849 pridie
1109 756 1236 828 Calen-
1287 760 1473 850 significat.
1525 757 1579 828 Ne
1603 759 1729 829 dicito:
1756 758 1817 830 ἴθι
1836 757 2057 854 εῑςπατέρο.
2108 757 2207 828 Vade
2233 762 2284 828 ad

247 862 330 944 das,
369 859 492 930 Pridie
525 885 670 956 quoque
704 860 1009 954 praepositionem
1027 859 1235 952 patiamur.
1288 874 1449 952 patrem,
1475 861 1623 956 sedicit
1645 863 1696 941 ele
1718 857 1883 958 ἀγοράν,
1910 861 2105 932 in'forom.
2155 859 2284 955 ltaque

157 1047 163 1058 Ι
247 961 376 1034 Graeci
400 984 486 1032 vero
510 964 674 1033 delinitas
696 989 849 1034 numero
871 962 1156 1056 praepositiones
1173 958 1236 1031 ba·
1289 963 1460 1034 localibus
1483 963 1671 1034 familiaris
1695 975 1763 1045 est,
1790 974 1830 1031 ut
1853 961 1888 1044 ἐς
1908 957 2091 1060 κόρακας,
2119 963 2174 1033 Ad
2200 989 2285 1032 cor·

245 1067 351 1149 bent,
379 1089 504 1136 omnes
520 1067 643 1135 decem
662 1079 697 1137 et
711 1080 793 1137 octo
808 1078 903 1137 suut.
1288 1090 1371 1150 vus,
1407 1065 1469 1159 qui
1501 1064 1600 1136 locus
1635 1064 1893 1156 suppliciorum
1927 1066 1965 1134 in
1992 1061 2172 1136 'Phessalis
2197 1066 2285 1150 fuit,

351 1168 473 1261 Quare
495 1167 582 1262 quid
605 1170 701 1237 inter
724 1161 933 1239 adverbium
950 1173 986 1236 et
1000 1165 1237 1260 praepositio·
1288 1170 1384 1238 unde
1399 1169 1532 1240 factum
1555 1180 1607 1239 est
1628 1167 1777 1237 verbum
1803 1163 2055 1263 οκοροκίζεεν,
2080 1173 2138 1264 τῷ
2152 1187 2176 1240 o
2190 1191 2285 1263 σχη-

247 1296 330 1341 nem
353 1270 515 1358 intersit,
547 1272 697 1340 sortasse
724 1272 880 1344 dubitas.
941 1269 1012 1340 Sed
1037 1266 1144 1340 buius
1166 1267 1238 1338 loci
1287 1274 1454 1366 ματεκῶς
1481 1271 1624 1353 additu,
1654 1271 1757 1366 quod
1789 1269 2014 1360 profligare,
2034 1269 2183 1353 eiicere,
2213 1277 2283 1342 da·

247 1399 324 1444 non
342 1386 395 1457 est
411 1369 499 1442 baec
514 1385 680 1444 tractare.
719 1373 1009 1466 Praepositiones
1028 1373 1093 1441 tibi
1109 1371 1237 1440 ordine
1290 1397 1417 1444 muare
1439 1373 1625 1464 significat.
1691 1369 1870 1463 Interpres
1890 1368 1987 1444 Psal.
2011 1371 2076 1445 26.
2102 1368 2184 1470 [27‚
2205 1370 2282 1470 9.],

249 1477 463 1560 recensebo,
490 1488 525 1544 et
538 1461 1031 1549 nonnihil'eonstructionum
1048 1477 1238 1568 τεῦνπρο-
1289 1501 1333 1546 eo
1349 1500 1433 1546 usus
1449 1488 1521 1560 est,
1544 1471 1691 1572 βοηθός
1705 1499 1782 1568 μου
1794 1478 1929 1570 γενοῦ,
1955 1469 2009 1569 μὴ
2026 1469 2282 1572 ἀποσκορακί-

248 1574 396 1653 dinewr
410 1578 599 1670 attingam,
624 1581 855 1672 praelusurus
869 1579 925 1664 iis,
952 1603 1045 1674 quae
1059 1577 1132 1646 alio
1147 1573 1238 1645 mibi
1290 1601 1357 1674 σῃς
1380 1601 1449 1672 με,
1481 1603 1562 1672 quo·
1576 1577 1829 1648 Hebraismum
1855 1577 2080 1648 commodius
2101 1581 2281 1661 redderet,

250 1705 359 1775 opere
374 1679 584 1752 scribentur.
637 1680 706 1752 Vir
723 1683 819 1753 enim
835 1683 905 1751 alia
919 1704 1004 1773 pars
1021 1679 1150 1751 Graeci
1165 1701 1239 1750 ser·
1288 1705 1365 1750 nou
1385 1693 1438 1751 est
1461 1681 1558 1749 enim
1579 1679 1634 1750 uti
1654 1703 1722 1751 nos
1737 1678 1889 1770 legimus
1903 1679 1980 1750 sine
2000 1675 2181 1770 emphasi:
2205 1681 2288 1749 Aa·

249 1785 369 1855 monis
395 1783 542 1856 liberius
568 1797 731 1877 vagatur.
793 1783 870 1858 Nos
894 1783 952 1853 vel
973 1779 1043 1852 boc
1066 1782 1238 1854 iaciemus
1289 1783 1387 1853 iutor
1409 1808 1509 1854 meus
1533 1795 1629 1866 esto,
1662 1805 1708 1851 ne
1728 1780 1956 1876 derelinquas
1980 1805 2038 1851 me
2053 1780 2120 1872 ⁶⁶),
2147 1785 2208 1852 sed
2231 1807 2282 1852 ne

250 1873 384 1970 modo,
409 1899 450 1956 ut
470 1910 621 1979 puerum
645 1887 836 1958 sollicitum
862 1887 901 1956 in
926 1887 1150 1956 observanda
1173 1908 1239 1953 no·
1290 1887 1374 1956 odio
1399 1908 1634 1980 persequere,
1675 1909 1722 1953 ne
1748 1882 1899 1976 prodiga
1928 1907 2006 1967 me,
2048 1871 2284 1984 wwbte

251 1990 434 2082 tandaque
451 1990 759 2084 praepositionum
775 1989 916 2084 syntaxi
931 1990 1137 2059 reddamus.
1291 1988 1397 2082 quale
1414 2000 1449 2057 et
1464 1983 1533 2057 boc
1551 2000 1622 2070 est,
1650 1985 1759 2055 timor
1773 1985 1840 2054 Dei
1858 1985 1934 2056 odit
1951 1987 2108 2070 malurn,
2134 1980 2283 2071 excutit,

273 2145 276 2150 -
353 2089 537 2162 Accidunt
577 2093 858 2184 praepositioni·
879 2091 1006 2163 'l'onus
1047 2103 1083 2160 et
1115 2087 1239 2160 casus.
1290 2092 1478 2183 propulsat
1499 2103 1563 2160 etc.
1616 2087 1823 2179 Composita
1836 2091 1879 2160 εἐε
1897 2090 2088 2172 accusativi
2103 2089 2282 2182 significa·

253 2192 356 2285 Quae
377 2193 472 2264 tonis
497 2195 761 2287 insigniuntur,
794 2207 918 2278 acutae
940 2207 1024 2264 sunt
1046 2190 1240 2285 posteriori
1290 2194 1425 2264 tionem
1441 2187 1568 2277 habet,
1593 2185 1801 2284 εῑςάλλομαι
1818 2191 1949 2262 insilio.

252 2295 409 2390 syllaba,
438 2293 533 2390 dud,
565 2293 659 2382 ὑπό,
694 2293 790 2393 περί.
851 2295 1005 2367 Perinde
1027 2322 1069 2366 ac
1090 2293 1240 2364 Latino·
1383 2291 1454 2379 Ἓξ,
1477 2319 1569 2390 quae
1585 2307 1621 2364 et
1637 2295 1677 2366 ἐκ
1692 2293 1834 2376 dicitur,
1861 2315 1911 2366 ευ
1926 2295 2113 2388 significat,
2138 2297 2207 2368 soli
2218 2319 2282 2388 ge·

249 2422 330 2468 rum
362 2395 577 2495 προθέσεις,
616 2407 741 2471 contra
771 2400 922 2469 Troiam
956 2399 1024 2471 sita
1059 2399 1239 2470 Tenedos.
1290 2399 1405 2467 nitivo
1429 2398 1668 2479 construitur,
1694 2393 1734 2479 ἐξ
1752 2390 1914 2492 ἁμάξης,
1944 2399 2158 2490 e-plaustro.
2205 2397 2281 2468 Lo-

251 2500 491 2572 'l'ranslerunt
513 2512 640 2573 tonum
665 2503 704 2570 in
729 2503 888 2593 priorem
913 2502 1107 2593 syllabam,
1134 2501 1164 2570 si
1182 2523 1240 2569 ea·
1291 2525 1392 2584 cum,
1424 2512 1564 2592 tempus
1595 2522 1812 2592 causamque
1844 2513 1967 2585 notat,
2000 2498 2041 2584 ἐξ
2067 2496 2204 2597 ἡδονῆς
2235 2498 2282 2574 ἰδ

251 2626 330 2674 sum
355 2615 571 2700 sequantur,
597 2597 742 2699 εἰρήνης
760 2596 856 2700 πέρι.
910 2603 968 2674 sie
991 2615 1027 2672 et
1041 2601 1180 2672 Latinis
1201 2601 1239 2670 iu
1290 2597 1498 2696 δυςτυχεῖν.
1570 2599 1817 2692 Evoluptate
1850 2602 2006 2674 miseria.
2070 2602 2284 2697 Composita

251 2728 353 2775 more
370 2717 442 2789 est,
468 2705 607 2775 ltaliam
623 2707 747 2777 cdntra
762 2720 828 2778 etc.
1075 2781 1080 2790 ,
1291 2716 1418 2796 auget,
1450 2701 1582 2802 φάγω,
1616 2695 1771 2800 ἐκφάγω
1795 2706 1883 2788 edo,
1919 2707 2043 2776 eredo.
2094 2705 2153 2777 Sic
2177 2698 2285 2799 τήκιο

354 2808 498 2879 Tenues
521 2833 646 2880 omnes
667 2821 752 2880 sunt
774 2807 928 2878 avocali
944 2817 1110 2898 coeptae,
1135 2828 1239 2897 prae·
1290 2807 1502 2900 liquefacio,
1529 2799 1669 2900 ἐκτήκω
1691 2806 1886 2892 tabefacio,
1913 2821 1954 2877 ut
1969 2807 2103 2880 Psalm.
2118 2809 2180 2881 38.
2200 2807 2286 2901 [89,

252 2923 307 2980 ter
328 2903 404 2982 ὑπό
426 2922 462 2979 ct
482 2904 590 3008 ὑπέρ.
645 2911 779 2981 Omnia
802 2910 898 2980 enim
922 2911 967 2980 ab
990 2907 1239 3000 vincipientia
1294 2905 1372 3008 12]
1396 2905 1459 2981 καὶ
1477 2907 1642 3004 ἐξὲτηξας
1661 2903 1712 2990 ὡς
1734 2903 1903 3006 ἀράχνην
1917 2905 1988 3004 τὴν
2003 2907 2130 3008 ψυχὴν
2147 2909 2283 2986 αὐτοῦ.

252 3036 378 3105 aspera
404 3026 499 3083 sunt.
1290 3012 1339 3083 Et
1358 3011 1555 3082 tabefecisti
1578 3035 1643 3081 ceu
1664 3035 1832 3080 araneam
1858 3012 2018 3082 animam
2049 3014 2135 3092 eius.
2194 3012 2285 3104 Quo

355 3113 467 3186 Casus
504 3127 575 3186 tres
608 3110 719 3185 habet
745 3115 989 3207 praepositio,
1029 3113 1240 3206 genitivum,
1291 3117 1372 3184 loco
1390 3114 1525 3195 miror,
1552 3137 1617 3184 cur
1633 3111 1895 3208 Hieronymus,
1921 3115 2092 3206 posuisti,
2118 3114 2287 3198 mutarit,

253 3216 414 3288 dativum'
441 3229 476 3286 et
497 3216 751 3289 accusativum.
810 3216 994 3309 Praepnni
1016 3217 1113 3288 casui
1138 3215 1240 3299 solet,
1293 3243 1373 3288 cum
1394 3215 1567 3288 Hebraeis
1595 3215 1642 3286 sit
1670 3229 1774 3320 0232]
1805 3219 1951 3311 quaudo
1983 3220 2081 3310 quod
2105 3217 2288 3312 sequitur,

253 3330 294 3389 ut
310 3322 406 3410 apud
419 3318 570 3390 Latinos
586 3317 828 3417 ἀναλογεκῶς.
883 3319 1071 3390 Caeterum
1092 3331 1241 3392 ornatus
1266 3355 1268 3400 t
1292 3345 1359 3414 pro
1386 3317 1544 3387 animam
1568 3318 1663 3400 eius,
1690 3319 1939 3388 desiderabilia
1960 3321 2037 3391 eius
2052 3344 2125 3390 non
2143 3321 2288 3390 incom-

252 3421 333 3490 lnco
358 3417 532 3507 babetur,
558 3435 593 3491 et
615 3421 791 3494 insoluta
818 3423 985 3493 oratione
1004 3419 1241 3515 praepositio·
1292 3425 1399 3493 mode
1419 3422 1596 3506 reddidit,
1623 3431 1676 3492 est
1696 3420 1792 3517 enim
1811 3422 1883 3492 illic
1910 3423 2032 3527 5th
2056 3435 2091 3493 et
2113 3423 2153 3492 ni
2173 3421 2288 3492 tattor

251 3548 336 3593 nem
361 3549 444 3596 casu
466 3525 666 3611 antevorti,
692 3538 732 3596 ut
747 3518 937 3598 Διονύσου
959 3521 1031 3620 μὲν
1052 3521 1242 3619 πέριπολ-
1293 3539 1375 3618 apte
1400 3526 1552 3618 quadret
1572 3523 1780 3595 sententiae.
1815 3523 1896 3595 ¹Est
1919 3527 2015 3596 enim
2040 3526 2197 3616 psalmus
2222 3520 2288 3594 bic

253 3621 316 3708 tte
329 3624 456 3728 λόγος,
479 3621 705 3726 Ἡρακλέους
718 3621 761 3700 δὲ
776 3624 823 3700 οὐ
838 3621 980 3708 πολλός.
1025 3625 1079 3696 De
1096 3623 1240 3695 Baccho
1293 3628 1466 3699 confessio
1490 3627 1586 3710 eius,
1614 3626 1711 3719 quod
1735 3625 1931 3698 aDomino
1956 3639 2142 3718 correptus
2163 3627 2290 3708 vindi-

161 3736 171 3757 ⁴
253 3729 391 3798 mentio
413 3732 558 3814 crebra,
585 3733 629 3800 de
645 3729 798 3800 Hercule
817 3730 1044 3824 infrequens,
1070 3742 1111 3800 ut
1128 3728 1187 3798 ille
1202 3728 1241 3796 in
1266 3745 1269 3800 t
1293 3756 1369 3801 cem
1404 3729 1584 3820 agnoscit,
1619 3742 1655 3798 et
1685 3753 1838 3822 poenam
1873 3732 1952 3802 fert.
2016 3720 2116 3822 Ergo
2149 3731 2287 3824 inquit,

252 3831 422 3902 fluentem
439 3832 525 3903 luxu
541 3832 730 3902 Graeciam
753 3833 853 3902 dixit.
1294 3831 1498 3924 corripuisti
1520 3855 1598 3914 me,
1632 3843 1667 3898 et
1692 3832 1887 3903 tabefecisti
1911 3832 2085 3902 desideria
2111 3856 2210 3915 mea,
2246 3833 2288 3901 id

359 3935 495 4004 Omnes
527 3935 812 4027 praepositiones
841 3933 1061 4004 Graecorum
1094 3932 1242 4024 apponi,
1294 3948 1365 4019 est,
1398 3933 1593 4008 contudisti
1618 3933 1786 4003 effrenem
1814 3935 1887 4004 vim
1910 3947 1946 4003 et
1968 3935 2171 4024 gliscentem
2194 3958 2289 4004 con-

257 4037 497 4134 compunique
526 4050 688 4129 possunt.
748 4036 840 4108 Sunt
860 4049 978 4106 autem
1002 4035 1093 4106 aliae
1114 4059 1242 4105 mono·
1266 4087 1270 4210 1
1293 4035 1532 4130 cupiscentiae
1549 4059 1649 4105 meae
1665 4039 1844 4107 ardorem.

154 4131 164 4152 “
225 4138 433 4232 'syllabae,
454 4140 545 4210 aliae
560 4141 766 4235 disyllabae.
1267 4225 1270 4238 ι
1394 4137 1543 4232 Alioqui
1564 4138 1603 4221 ἐξ
1622 4139 1819 4231 composita
1843 4137 1912 4222 ἔξω
1933 4163 2076 4233 quoque
2093 4137 2290 4228 siguificat,

1267 4241 1271 4338 l
1294 4255 1334 4314 ut
1349 4239 1516 4337 ἐκβάλλω
1530 4240 1651 4324 elicio,
1679 4253 1776 4310 extra
1798 4243 1901 4326 iacio,
1922 4240 2074 4337 ἔκφρων
2092 4241 2290 4332 desipiens.

306 4306 367 4379 De
400 4309 752 4382 c⁰ssslr¹¹⁰ll⁰¹¹e
785 4309 1188 4400 ²¹⁸ldnlsi⁰³¹¹¹i²¹
1268 4352 1270 4374 ¹
1396 4339 1507 4434 Σύν,
1531 4338 1621 4434 ξύν,
1647 4365 1732 4418 etun
1754 4343 1995 4435 copulativam
2019 4343 2211 4434 significat,
2241 4343 2292 4412 ti-

531 4411 964 4506 m⁰n⁰⁵Y¹¹³b³¹¹¹m·
1266 4387 1271 4574 ἶ
1293 4447 1354 4516 bet
1378 4445 1473 4515 enirn
1495 4471 1574 4516 cum
1595 4443 1782 4516 Prisciano
1803 4447 1925 4542 loqui,
1957 4447 2080 4518 dativo
2105 4447 2291 4516 construi-

351 4543 436 4636 Ἐν,
461 4553 504 4619 t‘n
519 4547 694 4638 significat
709 4574 791 4618 cum
808 4547 967 4617 ablativo
985 4559 1242 4631 constructum,
1295 4559 1373 4630 tur,
1405 4547 1557 4632 auxilia,
1588 4549 1950 4644 coniunctionemque
1975 4549 2183 4640 designans,
2209 4544 2291 4629 ξὺν

255 4648 321 4720 soli
339 4647 462 4717 dativo
477 4643 742 4741 ξυντάσσετοο,
768 4649 861 4722 utlv
876 4650 977 4746 οἴκῳ.
1032 4649 1106 4719 Pro
1126 4649 1167 4722 ἐν
1186 4643 1243 4723 tvl
1287 4647 1460 4745 χάρισιν,
1485 4674 1567 4719 cum
1583 4650 1729 4720 Gratiis.
1769 4649 1867 4722 Idem
1884 4665 1919 4721 ct
1936 4651 2134 4744 composita
2149 4660 2290 4743 potest,

253 4751 410 4833 iaciunt,
442 4763 483 4820 ut
499 4746 707 4849 ἐνὶθυμῴ,
734 4751 926 4824 Homerus.
972 4749 1034 4824 Ἐν
1057 4747 1177 4848 ᾅδου,
1204 4749 1243 4833 ἐξ
1294 4750 1515 4847 dendritis),
1544 4745 1728 4850 σύμβολα.

253 4849 353 4950 ᾅδου
387 4879 462 4923 non
490 4865 574 4927 sunt
596 4848 703 4924 buius
729 4854 886 4940 ordinis,
919 4855 1059 4932 Atticae
1083 4853 1269 4958 eclipses‚j
1395 4848 1520 4950 Πρός,
1548 4855 1811 4928 constructione
1833 4857 1950 4925 variat
1971 4855 2288 4946 significationem.

254 4958 370 5050 qualis
396 4953 484 5027 baec
511 4955 606 5024 Livii
631 4971 699 5028 est:
738 4960 783 5026 ad
810 4957 986 5040 Murtias,
1021 4969 1083 5028 aut
1096 4955 1143 5050 ⁶⁶)
1171 4955 1241 5024 Te·
1293 4953 1461 5026 Genitivo
1496 4958 1614 5027 iuncta
1652 4957 1703 5030 ab
1733 4970 1853 5042 notat,
1892 4961 2023 5030 exitum
2058 4983 2077 5026 a
2113 4979 2292 5049 persona,

253 5058 378 5126 rentii:
412 5062 456 5129 ad
478 5058 632 5130 Dianae.
683 5058 892 5151 Composita
918 5083 994 5129 nou
1022 5064 1064 5132 itt
1093 5057 1241 5146 ablativi
1291 5053 1386 5155 πρὸς
1407 5057 1551 5132 &sodi
1577 5056 1732 5160 ἀγαθά,
1760 5060 1797 5128 id
1819 5073 1890 5144 est,
1915 5061 2035 5131 aDeo
2056 5063 2164 5130 bona.
2215 5057 2293 5129 Est

254 5163 385 5244 modo,
417 5165 477 5232 sed
502 5175 538 5230 et
561 5167 604 5263 iss
626 5163 818 5236 accusativi
842 5162 1033 5254 significat,
1068 5155 1241 5255 ἐμβάλλω
1264 5253 1268 5336 Ι
1292 5173 1327 5230 et
1349 5162 1493 5230 iurandi
1522 5175 1628 5246 nota,
1665 5158 1758 5259 πρὸς
1782 5159 1992 5260 χαρίτων,
2025 5163 2095 5234 Per
2120 5161 2288 5235 Gratias.

253 5288 387 5334 mucro.

1324 5427 1373 5495 56)
1392 5429 1486 5479 bertin
1505 5429 1576 5480 euim
1595 5434 1723 5498 recepte,
1745 5431 1781 5480 ad
1800 5443 1879 5494 quam
1897 5431 1963 5482 baec
1987 5433 2129 5496 spectent,
2154 5433 2215 5482 est:
2243 5431 2289 5500 μή

286 5498 335 5565 to)
354 5497 415 5566 sut]
437 5500 487 5549 ttd.
508 5500 584 5551 tta&
603 5504 663 5564 typ.
682 5508 794 5550 errore:
822 5499 856 5548 ιο
1262 5507 1265 5516 ’
1359 5495 1542 5568 tyeazctlnpc
1558 5512 1603 5566 με.
2000 5535 2004 5542 .
