4920 5956
112 192 186 268 721
623 193 701 270 Vll.
753 193 1122 272 comparantem
1145 195 1459 272 nmtsscrlctts
1483 195 1647 273 RATIO.
1678 247 1681 254 -
2075 193 2152 274 ⁷22

109 363 251 448 ιιιιιιι,
288 375 328 434 ιιι
361 359 471 434 homo
499 378 552 436 est
578 367 712 438 animal
739 369 988 442 intellectuale.
1048 369 1107 446 Sic
1157 382 1195 440 et
1209 371 1325 440 forma
1343 370 1496 440 conflata
1514 383 1585 454 est,
1611 365 1703 439 nihil
1717 369 1876 452 interest,
1903 379 2046 460 praeter
2061 369 2152 459 ligu-

111 467 228 538 virtns
251 479 303 538 est
328 466 485 538 adlectus
513 470 640 541 bonus.
698 469 834 541 Vitium
868 485 919 543 est
949 474 1105 545 adiectus
1156 496 1234 542 ram
1260 473 1448 543 sermonis.
1506 472 1605 567 Quid
1627 473 1722 542 enim
1746 471 1844 540 aliud
1870 483 1923 542 est
1950 470 2149 541 substantia

110 569 255 660 malus..
300 567 427 639 Partes
457 569 554 638 enim
584 573 758 642 ιιιιιιιιιιι
782 573 879 644 iuxta
903 574 1104 666 proprieta-
1157 597 1343 666 corporea,
1370 574 1528 644 animata
1545 575 1713 658 sentiens,
1740 572 2001 658 intellectualis,
2025 595 2149 666 quam,

111 683 184 741 tem
201 669 390 754 aemonis,
413 683 499 741 sunt
512 688 623 763 genus
638 685 672 743 et
691 675 903 746 differentia.
954 675 1104 747 Boetius
1155 678 1253 770 quod
1269 677 1508 768 compositum
1527 691 1580 748 est
1596 702 1640 747 ex
1656 699 1828 768 corpore,
1854 689 1891 746 et
1905 675 2024 744 anima
2042 673 2149 743 intel·

110 774 247 842 referre
272 787 392 844 censet
413 773 467 868 (id
490 776 589 870 qnod
614 789 649 844 et
665 801 729 868 ugo
745 779 939 848 admodum
956 779 1103 876 probo),
1154 779 1322 849 leetuali?
1372 779 1522 848 Abdidit
1540 779 1869 850 enim'sesenatura
1888 775 2148 848 incommunia

110 889 151 948 ut
168 899 188 944 a
203 899 347 946 summo
361 899 490 966 genere
507 901 571 968 per
584 878 802 952 differentias
818 882 864 950 od
880 881 1043 950 ultimam
1063 904 1103 949 ae
1153 883 1331 974 quaedam
1357 882 1552 966 vocabula,
1579 895 1618 953 nt
1640 905 1770 973 corpus
1791 881 1971 972 signemus
1985 901 2051 972 per
2064 879 2147 950 sob-

110 979 299 1070 propriam
325 1003 438 1072 nsque
467 981 762 1072 progrediamur,
801 981 852 1054 sic
878 984 1101 1054 deliniendo:
1152 985 1321 1053 stantiam
1338 1007 1570 1078 corpoream,
1601 984 1760 1053 animam
1787 981 2060 1054 intellectualem
2085 983 2148 1052 de-

110 1079 233 1150 Homo
256 1093 310 1151 est
331 1081 549 1168 abstantia,
580 1104 776 1176 corporea,
811 1087 990 1171 animata,
1023 1107 1102 1156 sen·
1151 1085 1294 1177 signent
1309 1087 1470 1182 reliquae
1483 1097 1614 1180 partes.

109 1183 223 1267 tiens,
258 1183 519 1258 intellectualis.
581 1185 640 1256 Sic
665 1187 766 1258 enim
784 1187 837 1256 rei
857 1201 988 1258 natum
1011 1187 1102 1256 inte-
1253 1188 1417 1260 Pertinet
1430 1186 1503 1260 huc
1518 1188 1654 1272 linitio,
1680 1211 1774 1282 quae
1792 1185 1950 1280 propriis
1965 1184 2147 1277 operibus,

109 1285 209 1378 grius
236 1292 272 1354 et
299 1284 497 1358 absolutius
529 1287 672 1360 videtne
696 1289 867 1384 exprimi,
903 1305 1012 1384 atque
1043 1285 1102 1359 hic
1152 1315 1214 1362 seu
1230 1291 1363 1364 effectis
1377 1304 1529 1375 constat,
1551 1315 1621 1386 qua
1640 1292 1781 1361 ratione
1798 1289 1947 1359 liniendi
1961 1283 2058 1358 haud
2076 1287 2146 1358 alia

108 1387 223 1472 rides,
245 1387 369 1482 quirit
383 1409 467 1460 usus
480 1393 868 1482 praedicamentorum,
891 1417 984 1488 quae
998 1415 1101 1484 prae·
1152 1393 1338 1484 vulgarius
1364 1407 1435 1480 est,
1459 1407 1519 1478 ιι,
1545 1393 1607 1464 Sol
1630 1405 1682 1463 est
1702 1391 1809 1463 auto'r
1830 1391 1921 1476 diei,
1947 1391 2024 1462 dies
2049 1389 2146 1460 enim

107 1491 334 1584 scripsimus,
375 1493 526 1584 nempe',
568 1507 609 1564 ut
635 1495 865 1588 suppeditent
895 1493 1100 1565 finitionum
1152 1508 1206 1566 est
1229 1521 1321 1589 opus
1342 1497 1439 1568 solis.
1497 1493 1634 1567 lustitia
1658 1508 1729 1580 est,
1761 1517 1854 1590 quae
1881 1517 1985 1564 suum
2017 1493 2146 1586 cuique

107 1593 316 1664 materiam.
365 1592 412 1662 Et
430 1591 500 1664 hoc
525 1596 669 1690 quidem
686 1599 835 1668 finiendi
850 1620 998 1691 genere,
1024 1621 1100 1666 non
1151 1598 1289 1670 tribuit.
1341 1599 1453 1670 Suum
1470 1601 1598 1694 cuique
1617 1597 1793 1682 tribuere,
1819 1608 1871 1668 est
1886 1593 2077 1689 proprium
2090 1594 2147 1664 iu-

106 1697 191 1767 licct
210 1697 353 1788 evagari
369 1709 467 1767 extra
484 1700 813 1790 praedicamentum
829 1701 887 1786 id,
912 1723 986 1796 quo
1004 1723 1100 1770 eom·
1152 1697 1269 1772 stitiae
1283 1701 1453 1774 officium.

106 1795 347 1893 prehenditur
374 1800 536 1885 linitum,
576 1805 638 1872 scil
660 1803 826 1876 ciusdem
853 1803 1042 1896 generibus
1066 1815 1102 1873 et
1256 1805 1512 1896 Temperantia
1536 1815 1588 1874 est
1608 1801 1761 1873 rationis
1779 1801 1818 1869 in
1835 1799 2022 1870 libidinem
2039 1810 2145 1892 atque

106 1901 320 1972 differentur
332 1901 482 1973 utimur
533 1903 608 1975 Nec
623 1907 795 1978 esseutiae
809 1909 927 1976 linitio
941 1920 1012 1991 αι
1037 1906 1101 1976 nbi
1151 1905 1190 1975 in
1208 1907 1298 1979 alios
1312 1931 1388 1976 nou
1403 1919 1519 1978 rectos
1535 1906 1692 1998 impetos
1709 1903 1822 1974 animi
1836 1904 1939 1976 firma
1964 1915 2000 1973 et
2022 1899 2147 1972 mode·

108 2004 317 2076 exdiversis
333 2005 519 2078 ordinibus
538 2009 714 2102 quiddam
734 2006 946 2082 conteritur.
999 2009 1101 2078 Hanc
1151 2022 1230 2078 rata
1261 2009 1474 2080 dominatio.
1545 2007 1639 2081 Nam
1664 2007 1845 2100 imperare
1875 2005 2037 2088 libidini,
2069 2005 2147 2072 offi-

105 2107 258 2178 bnieudi
287 2108 466 2180 radone·
496 2111 648 2187 ιιιιιιιιι
676 2115 902 2206 exprimunt,
936 2114 998 2206 qui
1025 2108 1101 2180 n'on
1152 2111 1246 2181 cium
1268 2124 1321 2184 est
1347 2110 1619 2205 temperantiae.
1676 2109 1856 2180 Retulerit
1880 2131 1966 2199 ergo
1987 2108 2028 2176 in
2055 2129 2146 2200 quo-

77 2223 181 2293 ,tam
199 2211 397 2291 sermonis,
424 2214 533 2306 quam
549 2227 700 2284 naturae
717 2216 894 2285 rationem
917 2209 1100 2298 habentes,
1153 2237 1294 2308 cunque
1316 2210 1476 2285 themate
1497 2215 1658 2305 spectare
1682 2212 1759 2282 eius
1779 2210 1974 2302 genuinum
2002 2221 2037 2280 et
2060 2231 2146 2302 pro·

104 2313 250 2396 liniunt,
272 2313 419 2406 proprie
434 2316 567 2388 notatis
580 2317 744 2408 partibus
760 2316 824 2402 rei,
847 2330 899 2402 ut,
918 2312 1034 2388 homo
1049 2329 1102 2388 est
1152 2317 1272 2410 prium
1307 2316 1475 2389 officium.
1532 2315 1659 2410 Neque
1694 2313 1789 2385 euim
1817 2313 1935 2388 solum
1965 2311 2145 2382 finitiones

105 2417 209 2512 quod
231 2427 370 2489 constat
392 2441 436 2488 ex
462 2438 616 2511 corpore
642 2432 678 2489 et
708 2441 830 2493 curma
858 2415 1236 2491 mtelleetualt.h1nc
1267 2432 1459 2513 petuntur,
1504 2421 1566 2493 sed
1602 2417 1891 2510 comparationes
1930 2411 2146 2498 rhetoricae,

104 2518 210 2613 Quae
231 2517 348 2588 ιιιιιιο
364 2521 418 2589 a'd
428 2543 571 2594 caussas
589 2523 769 2634 pertinere
790 2525 944 2594 videtur.
1152 2522 1538 2618 amplificationesque,
1570 2533 1611 2592 ιι
1640 2521 1736 2620 apud
1769 2519 1922 2590 Paulum
1958 2519 2004 2588 ad
2036 2513 2146 2588 Rom.

208 2619 420 2697 διιιιιιιιιι
440 2624 591 2694 liniendi
617 2649 749 2716 genus,
781 2627 943 2698 delinitio
968 2624 1101 2698 caussis
1152 2649 1230 2718 cap.
1255 2639 1342 2698 vttt.
1376 2623 1654 2718 amplificatione
1687 2611 1950 2714 pulcherrima,
1989 2643 2145 2714 vereque

105 2736 296 2806 constans,
321 2727 517 2798 carrssalem
541 2729 650 2820 vulgo
661 2742 805 2815 vocant,
831 2744 939 2824 atque
954 2726 1043 2800 haee
1060 2740 1101 2798 ιι
1150 2723 1324 2815 Paulina,
1351 2727 1586 2799 conferuntur
1603 2725 1749 2820 spiritus
1766 2738 1802 2795 et
1817 2747 1913 2796 caro.
1965 2721 2145 2812 Petuntur

98 2826 270 2920 proxime
296 2829 443 2898 accedit
455 2831 501 2900 ad
524 2831 767 2916 essentialem,
808 2831 856 2902 ita
884 2855 960 2902 uon
988 2829 1098 2924 paulo
1151 2831 1238 2900 item
1269 2826 1354 2901 hinc
1381 2829 1558 2900 formulae
1583 2840 1879 2920 argumentorum
1901 2825 1940 2896 in
1962 2824 2146 2910 suasoriis,

105 2930 292 3022 vulgarior
313 2943 365 3002 est
386 2932 585 3017 essentiali,
617 2928 720 3004 hac
710 2958 748 3002 ιι
775 2935 902 3029 primis
922 2929 1100 3006 Rhetores
1151 2927 1315 3018 honesti,
1340 2932 1573 3004 acutilitatis.
1615 2931 1744 3002 Ferme
1760 2931 1948 3005 effectuum
1963 2927 2145 3000 finitiones

105 3033 233 3104 crebro
259 3045 429 3106 ιιιιιιιιι.Ι
479 3035 531 3106 Ut
554 3059 696 3108 nauscae
728 3051 885 3133 quatuor
915 3051 1017 3122 sunt,
1048 3031 1127 3106 itn'
1123 3027 1344 3152 aproprio
1367 3049 1560 3155 petuntur,
1589 3047 1631 3106 ut
1649 3031 1762 3106 homo
1786 3033 1922 3105 animal
1943 3046 2013 3119 est,
2046 3031 2146 3127 quod

106 3136 332 3230 quadruplex
347 3138 463 3208 lorma
481 3139 629 3210 finiendi
643 3140 764 3237 cst¹⁷).
800 3139 987 3225 Efficiens,
1011 3107 1127 3210 Per·
1150 3164 1315 3210 sermone
1345 3139 1479 3226 utitur,
1511 3140 1555 3208 de
1585 3137 1715 3234 quibus
1741 3136 1850 3232 paulo
1872 3149 1955 3233 post
1977 3160 2042 3208 suo
2062 3134 2144 3208 loco

104 3261 216 3322 sona,
249 3263 312 3314 seu
334 3263 390 3312 res
415 3240 569 3328 iaciens,
592 3255 642 3314 ιι
664 3255 770 3336 pater
795 3245 943 3338 gignens
971 3242 1098 3314 filium.
1121 3181 1313 3410 {pluribus
1332 3265 1490 3333 agemus.

104 3339 260 3411 Materia
294 3355 365 3427 est,
375 3369 442 3422 ex
475 3368 545 3439 qua
571 3346 611 3414 fit
634 3346 840 3438 quippiam,
875 3357 917 3416 ιι
936 3369 979 3416 ex
998 3342 1125 3477 ligno
1252 3342 1417 3416 Tertium
1434 3342 1582 3414 liniendi
1600 3365 1723 3434 genus,
1743 3340 1905 3414 definitio
1922 3365 2015 3437 quae
2032 3366 2145 3411 mem-

92 3467 244 3528 mensa,
270 3467 314 3513 ex
330 3469 452 3538 panno
468 3447 586 3518 vestis.
618 3447 755 3518 Forma
772 3461 836 3533 est,
863 3473 934 3545 qua
949 3448 1123 3541 politur,
1121 3421 1213 3518 bra
1239 3470 1293 3516 rer
1283 3443 1546 3566 explicat¹')‚
1572 3459 1756 3538 utcorpus
1771 3439 1929 3516 hominis
1946 3457 2017 3531 est,
2043 3447 2144 3542 quod

105 3545 409 3643 adornaturqoe·
405 3549 576 3636 materia,
607 3561 649 3622 ιι
680 3551 786 3624 vestis
811 3555 950 3643 forma,
987 3573 1095 3670 quam
1149 3550 1440 3642 constatcapite,
1466 3545 1646 3634 humeris,
1669 3547 1853 3632 manibus,
1879 3559 2016 3632 ventre,
2043 3549 2144 3642 pedi-

102 3672 248 3742 pannus
272 3664 440 3724 consutus
462 3654 582 3724 refert.
631 3651 732 3726 Finis
757 3667 827 3740 est,
859 3654 972 3746 gratia
998 3653 1097 3726 cuius
1148 3651 1225 3723 bus.
1277 3649 1318 3722 In
1344 3648 1440 3723 hunc
1463 3653 1633 3734 modum,
1659 3675 1738 3725 cum
1764 3675 1821 3722 res
1837 3649 1876 3719 ιι
1898 3651 2059 3720 membra
2077 3675 2142 3722 sua

104 3751 243 3846 aliquid
257 3754 310 3837 fit,
332 3767 373 3824 ιιι
391 3779 542 3848 corpora
562 3771 771 3828 exercentur
786 3756 1001 3830 valetudinis
1017 3779 1098 3848 gra·
1149 3755 1383 3846 discerpitur,
1409 3753 1553 3826 linimus
1572 3778 1637 3848 per
1658 3753 1912 3848 partitionem,
1946 3767 1987 3824 ut
2008 3752 2040 3826 si
2062 3752 2142 3850 quis

104 3853 169 3924 tia.
229 3851 305 3924 lam
330 3857 468 3943 licebit,
493 3859 718 3931 definitiones
742 3861 923 3954 concipias
948 3884 991 3932 ex
1012 3883 1097 3943 uua,
1146 3855 1206 3930 Ius
1227 3859 1331 3928 civile
1353 3857 1389 3928 id
1412 3883 1487 3930 esse
1506 3858 1621 3942 dicat,
1658 3856 1757 3952 quod
1780 3858 1818 3926 in
1843 3858 2000 3950 legibus,
2031 3856 2143 3928 Sena-

102 3955 314 4050 pluribusve
343 3960 495 4046 caussis,
528 3974 569 4034 ιιι
599 3987 641 4032 es
664 3963 854 4036 efficiente:
897 3962 1020 4036 Virtus
1046 3973 1099 4032 est
1148 3961 1397 4044 tusconsultis,
1426 3961 1532 4032 rebus
1552 3959 1738 4045 iudicatis,
1766 3959 2054 4054 iurisperitorum
2080 3985 2143 4030 au-

105 4059 253 4132 affectus
276 4061 479 4135 divinitus
468 4064 674 4158 suspiratos.
736 4067 889 4140 Caussae
914 4065 1097 4166 efficientis
1148 4065 1316 4148 toritate,
1343 4063 1465 4135 edictis
1486 4055 1778 4156 magistratuum,
1813 4089 1934 4148 more,
1961 4061 2141 4157 aequitate

102 4159 196 4236 haec
220 4163 335 4234 linitio
357 4178 427 4250 est,
450 4191 534 4236 nam
556 4192 620 4258 per
635 4179 916 4242 autoremsuum
934 4169 1096 4241 describo
1149 4165 1421 4238 consistit..

104 4264 289 4336 virtutem.
353 4265 409 4338 Ex
442 4271 593 4340 materia
621 4284 657 4341 et
681 4273 818 4358 forma,
851 4286 892 4342 ιι
916 4272 1019 4366 panis
1046 4283 1099 4344 est
1251 4270 1430 4363 Quartum
1455 4267 1602 4338 finiendi
1624 4291 1754 4359 genus,
1787 4267 1948 4338 delinitio
1973 4275 2141 4341 constans

106 4380 248 4438 coctum
267 4369 439 4463 quiddam
459 4374 657 4458 exsarina,
680 4373 799 4445 iariua
824 4375 1011 4461 materies,
1039 4397 1098 4446 co-
1149 4369 1475 4465 accidentihus¹⁰),
1517 4370 1579 4440 ubi
1612 4371 1745 4441 multae
1773 4370 1973 4440 adsciticiae
2001 4369 2140 4443 formae

106 4482 203 4540 ctum
225 4472 342 4542 forma
368 4487 432 4545 est.
483 4473 538 4544 Er
561 4478 652 4561 fine,
679 4488 725 4548 ut
749 4480 877 4550 domus
901 4491 971 4563 est,
1004 4501 1097 4572 quae
1149 4499 1225 4544 rem
1251 4475 1447 4594 quappiam
1472 4473 1698 4556 describunt,
1727 4485 1768 4544 ut
1785 4473 1884 4546 Mors
1899 4473 2024 4544 ultima
2043 4475 2139 4544 linea

105 4596 175 4643 nos
199 4575 277 4644 ab
266 4573 399 4646 iniuria
426 4590 675 4670 tempestatum
704 4581 873 4654 vindicat.
922 4580 1097 4652 Materiae
1147 4601 1293 4662 rernm,
1326 4577 1365 4646 in
1394 4572 1450 4648 his
1479 4575 1603 4646 crebro
1631 4576 1769 4647 utimur
1790 4601 1920 4668 genere
1945 4603 2024 4648 cum
2049 4575 2140 4645 acci·

104 4677 317 4772 lormaeque
338 4678 453 4750 finitio
475 4682 671 4754 essentialis
691 4696 754 4756 est.
806 4685 875 4756 Sed
893 4686 1098 4755 maluerunt
1148 4682 1274 4768 dente,
1299 4693 1339 4751 ut
1353 4679 1516 4774 Halcyou
1532 4679 1607 4750 avis
1624 4679 1798 4773 estpaulo
1815 4679 1970 4774 amplior
1985 4703 2138 4772 passere,

105 4779 296 4850 Dialectici
311 4805 439 4852 vocare
457 4785 700 4870 essentialem,
726 4812 817 4882 quae
833 4811 962 4881 genere
981 4801 1016 4858 et
1031 4787 1097 4857 dd
1149 4783 1269 4855 colore
1292 4783 1455 4854 caeruleo
1480 4807 1523 4854 ex
1545 4794 1648 4876 parte
1662 4807 1822 4868 maiore
1847 4795 1985 4853 tantum
2002 4805 2138 4874 purpu-

106 4881 267 4953 lerentiis
284 4897 402 4974 partes
416 4900 566 4957 naturae
583 4900 742 4972 notaret;
770 4893 984 4976 caussalem,
1005 4913 1097 4985 quae
1148 4887 1219 4960 reis
1241 4901 1277 4958 et
1299 4885 1460 4957 candidis
1483 4885 1650 4956 admixtis
1671 4886 1819 4978 pennis,
1845 4883 1937 4954 collo
1954 4883 2077 4976 gracili
2097 4910 2140 4956 ac

107 4985 181 5058 suis
197 4985 404 5058 nominibus
421 5013 536 5062 crasse
553 5003 673 5083 partes
696 4994 921 5088 exprimeret.
973 4992 1097 5064 Caete-
1147 5014 1319 5086 procero,
1354 5001 1420 5060 etc.
1481 4985 1591 5060 Larix
1619 4987 1756 5080 lignum
1781 4999 1833 5058 est
1855 4987 1973 5058 mellei
1995 4987 2138 5075 coloris,

108 5112 211 5173 rum,
237 5087 331 5158 inter
352 5091 576 5162 essentialem
599 5107 634 5163 et
655 5120 752 5180 eam,
777 5121 870 5190 quae
887 5122 930 5168 ex
946 5095 1097 5166 materia

117 5269 325 5284 ’““““““
1185 5279 1233 5344 ιι)
1250 5281 1351 5334 amet
1362 5289 1467 5347 urge
1489 5275 1620 5331 ιιιιιιιο
1637 5289 1671 5330 er
1688 5275 1818 5332 neuneu
1837 5275 1885 5346 (ιιι
1899 5277 1951 5334 ιι
1964 5279 1990 5332 ι
2004 5277 2072 5330 ιιι
2083 5285 2138 5328 ιι-

149 5361 194 5428 ti)
213 5365 325 5418 tmut-
318 5373 437 5432 mnan.
467 5365 510 5418 lx
532 5369 650 5432 quatuor
672 5369 784 5423 ιιιιιιι
800 5371 970 5438 qssorrplsx
987 5369 1098 5423 ιιιιιιιιι
1219 5353 1279 5404 ¹¹⁰¹·
1295 5348 1410 5416 ‘mi-h

180 5430 261 5484 retto.
1185 5434 1233 5502 tt)
1251 5437 1352 5490 Διιιι.
1369 5445 1474 5502 marg:
1500 5433 1631 5490 Dctnltlo
1649 5443 1685 5484 er
1701 5431 1897 5488 adauctos·

109 5515 296 5584 nnuma.
317 5515 425 5582 Οιιι.
457 5517 545 5584 vos..
564 5519 639 5586 xtt
1676 5502 1725 5576 4⁶
