4920 5956
1717 85 1731 124 ,

172 255 253 334 su
803 231 1162 322 comesurum
1185 191 1421 316 sn'voun
1439 223 1572 310 '1-re
2130 220 2214 311 sre’

169 425 293 502 attulit
311 409 474 520 frugibus
500 445 580 496 eam
597 421 862 508 maturitatem,
886 433 929 492 ut
943 417 1077 491 demeti
1089 416 1163 486 iam
1218 438 1297 486 mos
1318 411 1393 484 dies
1409 408 1534 480 ltlartii
1557 407 1766 502 attingeret,
1790 423 1827 484 et
1845 435 1930 483 raro
1953 409 2138 496 accidisse,
2164 421 2214 482 ut

171 529 368 640 potuerint.
420 527 498 602 Etsi
520 527 617 598 enim
639 526 779 596 coelum
805 525 843 594 in
866 521 1070 595 Palaestina
1095 520 1164 590 cle·
1216 521 1305 589 duas
1320 517 1431 586 ferme
1448 513 1573 584 tertias
1586 523 1713 606 partes.
1724 514 1857 588 mensis
1865 514 1990 587 Martii
2005 525 2210 607 occuparet,

171 633 327 706 mentius
347 641 420 717 est,
452 653 563 727 quam
586 629 625 698 in
654 622 712 700 his
732 626 839 712 locis,
870 639 907 697 et
927 625 1028 718 regio
1048 623 1163 694 multo
1217 620 1315 718 qnod
1357 630 1435 688 tum
1478 617 1623 686 demum
1663 617 1790 703 tiebat,
1833 618 1978 714 quando
2021 617 2213 711 celebrius,

171 734 325 806 calidior
334 763 350 818 ,·
378 745 528 826 propter
559 731 635 825 poli
653 729 786 800 Arctici
809 730 1096 823 depressionem,
1128 735 1171 795 et·
1216 717 1400 794 Paschatis
1434 719 1582 788 cadebat
1622 717 1661 790 in
1693 717 1811 812 ipsum
1845 721 1941 794 diem
1975 718 2210 821 aequinoctii.

170 835 386 932 Aequatoris
401 835 657 919 elevationem,
683 832 747 927 qui
766 833 811 902 ab
825 828 1161 925 Hierosolymorum
1216 823 1321 897 'l'unc
1347 823 1443 892 enim
1469 821 1717 905 novilunium,
1742 826 1841 918 qnod
1862 822 2021 917 primum
2045 845 2209 896 mensem

170 939 304 1028 vertice
319 939 419 1009 abest
434 938 545 1032 paulo
558 935 701 1028 longius
723 935 892 1029 gradibus
906 931 1053 1025 triginta
1069 954 1163 1002 uno:
1217 924 1429 1010 inchoabat,
1457 923 1729 1020 quatuordeeim
1746 925 1871 1000 diebus
1893 927 2129 1021 praecedens,
2154 937 2210 996 at-

49 1083 54 1094 ·
171 1055 294 1114 tamen
316 1052 456 1133 tempus
476 1041 693 1132 praecedens
708 1036 975 1134 aequinoctium
1000 1033 1107 1105 etiam
1125 1031 1165 1102 in
1216 1031 1297 1124 tigit
1321 1028 1574 1100 duodecimum
1598 1027 1695 1098 diem
1716 1028 1853 1101 Martii·
1904 1028 2016 1126 quue
2039 1027 2209 1102 accidiae

170 1145 241 1216 illis
255 1144 343 1214 locis
360 1139 477 1213 adhuc
492 1141 653 1234 asperius
670 1153 735 1225 est,
753 1164 862 1236 quam
879 1151 919 1210 ut
939 1133 1165 1208 maturandis
1216 1131 1440 1205 existimatur
1462 1153 1505 1202 eo
1537 1153 1654 1214 anno,
1689 1156 1761 1225 qno
1789 1129 1952 1206 Christus
1985 1145 2039 1204 est
2071 1154 2209 1226 passus.

170 1257 208 1318 et
220 1244 481 1342 percoquendis
497 1243 660 1337 frugibus
681 1243 728 1316 sit
746 1242 937 1326 idoneum,
962 1242 1060 1336 quod
1086 1238 1166 1334 qui·
1216 1237 1309 1310 Nam
1325 1233 1486 1306 scribunt
1509 1232 1623 1328 aliqui
1638 1231 1875 1309 Ecclesiastiei
1893 1237 2079 1322 doctores,
2105 1231 2210 1306 Chri·

170 1352 254 1421 dem
271 1347 322 1418 ita
337 1371 412 1419 esse
429 1345 643 1438 Evangelica
666 1341 817 1416 historia
840 1355 1009 1428 testatur,
1033 1343 1073 1410 in
1093 1363 1163 1438 qna
1216 1353 1311 1412 stum
1334 1339 1460 1407 eodem
1483 1335 1540 1406 die
1555 1335 1726 1408 vicesimo
1746 1339 1875 1432 quinto
1889 1337 2015 1409 Martii
2031 1351 2067 1411 et
2081 1335 2210 1410 huma·

170 1451 341 1545 tegimus,
372 1449 450 1536 die,
490 1473 565 1544 quo
593 1461 717 1541 eaptus
748 1459 801 1519 est
832 1447 998 1520 Salvator
1029 1455 1164 1527 noster,
1216 1464 1301 1512 nam
1334 1452 1502 1511 naturam
1537 1439 1575 1508 in
1608 1453 1712 1510 utero
1739 1441 1889 1533 virginis
1911 1441 2052 1513 Mariae
2073 1465 2210 1516 assum-

170 1553 352 1626 medioere
372 1551 486 1645 frigus
498 1551 625 1636 inisse,
651 1552 761 1633 adeo,
788 1561 829 1620 ut
843 1574 934 1643 opus
945 1547 1056 1619 fuerit
1072 1545 1165 1614 mili·
1217 1544 1349 1637 psissc,
1375 1554 1410 1613 et
1425 1554 1549 1633 postea
1565 1541 1745 1614 tricesimo
1764 1543 1953 1641 quarto¹¹)
1975 1568 2072 1616 anno
2096 1544 2210 1616 muci-

171 1653 266 1727 tibus
281 1654 537 1726 excubantibus
559 1653 598 1722 in
613 1651 789 1724 vestibulo
803 1652 933 1722 domus
949 1648 1165 1742 pontificiae,
1216 1650 1326 1717 lixum
1344 1658 1380 1732 et
1395 1644 1573 1736 sepultum
1591 1668 1687 1730 esse,
1713 1670 1787 1742 quo
1809 1647 1866 1717 die
1882 1645 2000 1720 adhuc
2016 1647 2212 1744 quotannis

170 1767 334 1829 extructo
361 1759 442 1828 ioco
472 1756 512 1826 in
540 1755 635 1827 atrio
665 1754 829 1826 membra
856 1755 904 1824 ad
932 1755 1052 1845 ignem
1075 1752 1166 1822 cale-
1216 1747 1374 1820 Ecclesia
1398 1747 1551 1816 celebrat
1567 1749 1781 1819 memoriam
1804 1751 2049 1844 conceptionis
2062 1747 2212 1824 Christi.

170 1863 300 1932 lacere.
887 1843 896 1852 ⁸
1320 1851 1389 1922 Sed
1409 1849 1494 1944 quia
1510 1845 1580 1920 hoc
1596 1875 1681 1921 raro
1704 1853 1832 1939 fiebat,
1855 1853 1968 1926 tutius
1990 1868 2043 1928 est
2067 1867 2104 1927 et
2125 1879 2212 1928 cun·

273 1960 492 2033 Existimant
507 1973 627 2032 antem
650 1958 813 2054 plerique
833 1957 1026 2049 scriptores
1046 1953 1166 2026 Eccle·
1219 1953 1438 2033 venientius,
1463 1977 1530 2024 nos
1544 1952 1641 2024 iuxta
1657 1953 1716 2040 id,
1742 1957 1840 2053 quod
1854 1949 2060 2052 frequenter
2077 1972 2113 2032 et
2130 1961 2212 2053 plu·

171 2063 344 2149 sustin,
364 2060 547 2134 Christum
575 2085 650 2134 esse
679 2083 823 2154 passum
855 2058 913 2128 die
947 2055 1167 2154 aequinoctii
1219 2057 1350 2126 rimnm
1378 2056 1515 2126 solebat
1535 2058 1697 2142 evenire,
1730 2059 1888 2150 primum
1916 2083 2074 2134 mensem
2097 2061 2212 2136 Nisan

16 2163 30 2182 ⁰
131 2163 139 2170 ’
172 2164 288 2239 verni.
320 2165 445 2258 Quare
460 2183 536 2234 non
549 2182 697 2258 prorsus
709 2161 904 2259 quadrabit
915 2161 1053 2256 primus
1067 2182 1167 2230 men·
1218 2158 1352 2231 referre
1379 2159 1424 2226 ad
1452 2157 1612 2250 Aprilem
1643 2173 1828 2247 nostrum,
1867 2163 1988 2254 potius
2018 2187 2127 2260 qnam
2163 2165 2212 2236 ad

171 2267 220 2344 sis
233 2267 459 2339 Ebraeorum
475 2269 522 2337 ad
536 2279 700 2338 nostrum
719 2264 906 2349 Martium,
920 2265 984 2359 qui
1001 2263 1062 2350 illo
1078 2275 1168 2332 tem·
1217 2259 1412 2345 Martium,
1452 2263 1549 2354 quod
1585 2261 1694 2332 etiam
1721 2287 1757 2334 a¹
1775 2265 1941 2359 plurimis
1976 2266 2211 2360 scriptoribus

172 2395 262 2466 pore
285 2370 443 2440 maxima
465 2391 528 2442 sua
547 2381 650 2462 parte
675 2367 942 2464 aequinoctium
963 2365 1167 2459 praecessit,
1218 2361 1472 2435 Ecclesiasticis
1502 2387 1576 2434 esse
1598 2364 1749 2451 factum,
1781 2368 1903 2440 multis
1925 2369 2088 2463 ipsorum
2112 2369 2211 2443 testi·

173 2487 210 2546 ct
230 2470 352 2567 hyemi
370 2470 526 2542 vicinior
549 2471 641 2556 init,
673 2493 738 2540 nec
755 2469 979 2540 maturandis
1004 2468 1167 2558 frugibus
1218 2465 1350 2537 moniis
1364 2465 1485 2557 posse't
1499 2466 1651 2538 ostendi.
1833 2471 1847 2490 ’·
2190 2480 2213 2510 ’·

173 2597 316 2670 semper
330 2575 495 2647 idoneus.
1322 2567 1376 2638 Sit
1407 2567 1517 2659 igitur
1546 2590 1589 2638 ex
1613 2564 1668 2640 his
1693 2571 1917 2660 rationibus,
1954 2587 1990 2645 et
2010 2575 2209 2648 multorum

274 2677 345 2750 Sed
361 2671 431 2746 hoe
445 2673 707 2748 multo-clarius
720 2675 825 2744 docet
842 2671 1062 2768 aequinoctii
1077 2684 1168 2742 tem·
1218 2672 1435 2764 scriptorum
1458 2669 1672 2743 testimoniis
1696 2672 1807 2767 (qhae
1830 2670 1898 2746 hoc
1917 2677 1998 2747 loco
2020 2677 2208 2752 brevitatis

173 2804 261 2874 pus,
288 2781 386 2873 quod
401 2780 499 2850 iuxta
514 2777 692 2850 lulianam
708 2775 966 2847 correctionem
984 2773 1091 2859 anui,
1117 2785 1169 2844 te-
1220 2797 1326 2844 causa
1342 2772 1558 2870 omittimus)
1581 2771 1773 2846 nobishoc
1795 2801 2023 2869 persuasum,
2049 2781 2211 2874 primum

173 2884 284 2954 nebat
299 2893 385 2953 tunc
399 2881 607 2954 vicesimum
625 2879 791 2976 quintum
808 2877 905 2948 diem
922 2877 1059 2962 Martii,
1079 2899 1169 2962 non,
1221 2899 1378 2946 mensem
1406 2873 1630 2946 Ebraeorum
1647 2877 1782 2964 Nisan,
1808 2880 1895 2950 olim
1919 2883 2144 2977 respondisse
2169 2897 2211 2956 ut

175 2998 218 3057 ut
234 3007 343 3069 nunc,
358 2983 539 3052 decimum
553 2981 711 3054 eiusdem
732 2979 875 3052 mensis.
913 2981 1028 3052 Causa
1047 2991 1167 3050 autem
1220 2975 1416 3072 plurimum
1433 2979 1570 3070 Aprili,
1590 2981 1786 3052 secundum
1808 3009 1968 3056 mensem
1989 2984 2062 3057 liar
2082 2999 2210 3060 nostro

174 3083 283 3158 huius
307 3085 539 3170 mutationis,
577 3103 648 3179 qua
679 3082 906 3180 aequinoctia
935 3075 956 3153 a
981 3081 1055 3152 suis
1080 3081 1168 3152 locis
1221 3081 1338 3164 Maio,
1365 3093 1400 3149 et
1414 3081 1634 3176 siereliq'nos
1655 3107 1720 3155 suo
1736 3086 1862 3158 ordine
1876 3089 2055 3182 deinceps.
2211 3094 2215 3107 '

174 3189 335 3272 dimota,
357 3189 404 3257 ad
420 3187 523 3256 initia
538 3187 715 3258 mensium
733 3196 982 3266 recurrerunt,
1005 3182 1094 3254 alibi
1110 3207 1169 3254 co·
1250 3182 1254 3209 ²
1320 3181 1390 3252 Sed
1405 3181 1489 3276 quia
1505 3184 1658 3254 libenter
1674 3187 1852 3260 credimus
1868 3189 1954 3275 illis,
1973 3191 2035 3286 qui
2050 3191 2212 3263 scribunt

175 3291 276 3384 piose
293 3291 509 3360 declaratur.
642 3285 645 3298 '
709 3337 711 3342 ,
941 3311 945 3324 ·
1221 3285 1346 3355 eodem
1370 3283 1429 3354 die
1450 3287 1705 3380 aequinoctiali
1730 3283 1911 3362 Christum
1938 3306 1973 3363 et
1995 3305 2210 3386 conceptum

280 3392 431 3462 Constat
469 3399 612 3475 autem,
663 3387 804 3460 ludaeis
852 3404 1003 3459 vernum
1045 3387 1169 3483 aequi·
1220 3401 1256 3458 et
1271 3411 1416 3482 passum
1433 3413 1527 3473 esse,
1553 3412 1789 3484 praemonere
1802 3393 2008 3489 lectores¹⁸)
2030 3396 2214 3482 volumus,

176 3495 337 3566 noctium
352 3493 459 3566 fuisse
476 3493 692 3577 tendinum,
714 3491 778 3589 qui
792 3513 889 3560 anno
904 3491 1048 3561 initium
1064 3514 1169 3582 prae-
1219 3513 1286 3561 nos
1301 3492 1346 3560 ad
1359 3489 1554 3584 signandos
1568 3505 1768 3585 postremos
1784 3508 1882 3566 actus
1891 3493 2025 3568 Christi
2040 3522 2083 3570 ex
2097 3493 2211 3569 histo-

175 3595 316 3679 buerit,
347 3592 414 3666 hac
436 3595 535 3688 lege,
567 3605 608 3666 ut
631 3593 719 3664 illud
743 3593 971 3666 novilunium
991 3605 1167 3686 perpetuo
1219 3593 1272 3664 ria
1294 3592 1471 3686 passionis
1493 3593 1623 3686 ipsius,
1649 3597 1713 3665 die'
1730 3595 1899 3668 vicesimo
1921 3599 2049 3694 quinto
2072 3587 2215 3683 Martii,¹

176 3697 398 3792 principium
410 3698 498 3768 anni
514 3694 727 3783 haberetur,
746 3697 845 3791 quod
860 3695 924 3765 vel·
933 3696 1170 3789 praecedebat
1219 3709 1393 3790 tanquam
1411 3705 1508 3765 certo
1523 3699 1678 3767 termino
1692 3721 1776 3771 usos
1788 3723 1875 3786 csse,
1886 3713 1922 3773 et
1935 3700 2154 3800 inscripsisse
2161 3697 2216 3800 ¹¹)

175 3800 339 3896 proxime
357 3801 453 3870 diem
471 3799 711 3896 aequinoctii,
728 3801 784 3870 vel
799 3800 1035 3894 sequebatur,
1057 3821 1168 3893 aquo
1220 3799 1259 3868 in
1282 3797 1536 3869 Calenda'rium
1564 3801 1729 3872 nostrum
1760 3801 1837 3874 dies
1862 3804 1962 3889 illos,
1994 3824 2070 3874 non
2100 3815 2142 3876 nt
2170 3803 2213 3873 in

176 3904 366 3974 novilunio
374 3901 421 4002 ⁹¹)
436 3915 645 3974 numeratus
658 3898 816 3973 decimus
833 3913 982 3996 quartus
997 3903 1073 3974 dies
1092 3912 1170 3972 erat
1220 3925 1342 3972 mense
1357 3900 1475 3994 primo
1490 3915 1747 3990 numerantur,
1771 3907 1833 3992 sed
1847 3929 1891 3978 ea
1906 3907 2116 4005 intervallo,
2136 3888 2215 4001 quo¹

176 4006 374 4077 destinatus
389 4006 602 4075 mactationi
617 4004 700 4096 agni
714 4000 900 4096 paschalis,
916 4008 1012 4098 quod
1027 4027 1169 4076 sacrum
1221 4016 1283 4076 aut
1307 4018 1595 4096 praecesserunt,
1628 4020 1691 4078 aut
1719 4009 1832 4079 secuti
1858 4021 1943 4080 sunt
1967 4007 2064 4080 hune
2085 4007 2211 4080 vicesi-

176 4131 365 4202 nunquam
394 4108 524 4178 licebat
559 4108 739 4179 celebrare
779 4119 863 4177 ante
898 4106 1168 4202 aequinoctium
1221 4131 1320 4176 mum
1361 4107 1502 4180 uintum
1519 4105 1614 4179 diem
1632 4109 1776 4191 Martii;
1796 4111 1996 4208 iu·reliquis
2012 4123 2133 4182 autem
2147 4105 2211 4179 Bi·

176 4232 349 4296 vernum,
388 4211 527 4284 sedvel
549 4211 629 4306 ipso
657 4209 876 4306 aequinoctii
899 4209 979 4292 die,
1019 4211 1076 4282 sel
1105 4207 1170 4279 ali·
1219 4209 1322 4281 blicis
1336 4133 1531 4295 botonis,
1562 4211 1637 4284 dies
1668 4237 1793 4286 omnes
1820 4213 1931 4307 primi
1959 4213 2111 4300 mensis,
2141 4211 2212 4286 soli

178 4327 314 4412 quanto
332 4327 434 4407 post,
459 4326 501 4384 ut
514 4325 666 4385 testatur
678 4309 849 4406 losephus
863 4311 926 4383 lib.
941 4311 977 4384 d.
996 4319 1073 4408 cap.
1089 4313 1150 4387 18.
1219 4311 1338 4407 Aprili
1359 4313 1608 4412 assignasse&

281 4415 514 4509 Quapropter
530 4419 610 4486 cuni
628 4415 896 4510 aequinoctium
910 4429 1064 4486 vernum
1080 4415 1168 4486 olim
1611 4487 1619 4504 ‚

177 4529 318 4587 tantum
337 4541 398 4590 sex
412 4515 537 4589 diebus
555 4520 661 4587 abne
676 4517 801 4587 Martii
816 4517 989 4603 abfuerit,
1016 4529 1051 4588 et
1066 4517 1170 4588 novi-
1372 4484 1437 4556 De
1478 4487 1709 4560 m⁰⁰⁸¹b¹¹⁸
1741 4487 2055 4590 M³⁰⁰d⁰¹¹¹‘.¹⁸

176 4619 320 4691 tunium
342 4620 396 4690 m
418 4621 492 4691 arei
515 4620 771 4716 aequinoctiali
792 4619 1020 4714 proximum,
1058 4606 1170 4713 parias
1560 4613 1637 4662 ⁸0¹¹
1674 4589 1872 4666 firmi·-

178 4722 310 4794 mensis
327 4722 471 4794 initium
485 4725 611 4794 luerit:
638 4723 819 4820 sequitur,
833 4722 991 4815 primum
1008 4732 1176 4796 mensem·
1321 4719 1421 4792 llaec
1448 4725 1493 4792 de
1515 4725 1700 4797 mensibus
1721 4725 1883 4800 Rbraieis
1904 4725 1997 4798 dicta
2020 4726 2210 4814 sufficiant,

177 4823 401 4924 Ebraeornm
424 4838 488 4898 aut
508 4838 645 4913 totum,
681 4838 744 4897 aut
782 4825 899 4924 (quod
925 4826 1170 4922 frequentissi·
1194 4817 1197 4842 '
1221 4823 1350 4920 quibus
1367 4828 1568 4897 numerario
1592 4828 1821 4922 adiungimus
1834 4829 2087 4903 Macedonicos
2108 4849 2218 4902 men-⁹

54 4941 71 5018 J
178 4953 278 5000 mum
303 4917 400 5025 erat)
421 4927 559 5018 maiore
581 4953 625 4999 ex
649 4940 750 5021 parte
771 4928 810 4998 iu
826 4927 944 5021 Aprili
967 4929 1094 5014 luisse,
1118 4907 1197 5040 ita}
1892 4967 1895 4977 ·

69 5108 72 5128 ¹
178 5029 430 5125 utaliquando
444 5031 582 5117 nullus,
607 5031 802 5127 aliquando
825 5054 959 5124 paucos
981 5028 1169 5133 etpostre-
1194 5045 1196 5089 :
1224 5001 1491 5161 mm]
1509 5058 1551 5146 gi,
1569 5025 1680 5162 34:225
1701 5056 1785 5147 ἐμ,
1817 5099 1843 5146 2,
1869 5095 1954 5147 qm„

1193 5175 1197 5310 J
1254 5176 1304 5268 κ’)
1323 5193 1455 5266 rasore]
1474 5198 1516 5248 sio
1531 5197 1582 5250 aa
1601 5198 1643 5265 ’.ς
1667 5198 1718 5251 ns.
1740 5175 1764 5284 i
1782 5181 1945 5290 sosipetes

202 5333 263 5401 ῃ)
279 5332 332 5386 fl,
349 5332 516 5385 mmm
533 5331 563 5384 Ι,
579 5321 716 5386 mum·
735 5333 861 5398 “⁸1⁸⁰
879 5333 1018 5388 “mm
1038 5335 1064 5388 ¹·
1080 5343 1170 5388 ‚m
1194 5362 1197 5372 Ι
1254 5301 1303 5370 2⁴)
1321 5310 1390 5354 usos
1406 5315 1471 5353 essa
1488 5305 1517 5352 et
1533 5301 1730 5366 tnsortpstssa]
1747 5274 1789 5352 sto
1800 5302 1850 5354 11.
1862 5300 1908 5365 2.,
1924 5301 1975 5352 M.
1990 5303 2013 5354 t.
2029 5311 2132 5354 usuros
2144 5313 2219 5378 usa·

247 5403 362 5468 propris
378 5404 407 5452 ta
424 5403 550 5468 aarum
573 5402 739 5466 umrtpstsr
764 5394 842 5466 prust
921 5403 1107 5477 ,npvssnnlnq
1116 5417 1171 5482 qen
1195 5385 1199 5440 l
1289 5374 1320 5423 't
1335 5371 1521 5476 mim
1637 5474 1641 5487 .
1721 5457 1726 5477 ,
2088 5449 2112 5466 ,,
2157 5447 2179 5471 ἢ,

249 5471 420 5534 praecedens
438 5483 489 5522 san
507 5483 628 5537 requam
644 5467 873 5535 saqutnoottslem
908 5469 969 5526 tan.
1254 5471 1305 5541 ab)
1326 5473 1517 5543 mierum]
1535 5471 1578 5526 ald
1592 5471 1644 5529 lt.
1662 5470 1706 5542 23
1729 5471 1781 5528 Ed.
1800 5474 1824 5528 t.
1843 5470 2039 5526 mmm-rs.

185 5551 369 5622 marn.
392 5555 497 5622 oran
540 5556 626 5622 von
648 5555 721 5621 XX.
1094 5605 1098 5612 .
1750 5541 1803 5620 62
