4910 5964
286 252 368 336 671.

390 425 558 499 CLXXX.
814 417 920 491 Multi

662 677 734 749 Ubi
814 673 927 745 Pauci
997 672 1179 763 imperant

817 929 914 1003 Boni

688 1087 887 1160 Somnia.
960 1127 966 1134 ·

393 1239 579 1316 CLXXXI.
614 1234 752 1310 Sathan
774 1259 962 1331 nunquam
987 1245 1100 1306 cessat
1119 1229 1285 1302 homines

289 1350 482 1424 sollicitare
506 1361 542 1416 et
562 1366 713 1426 vexare,
758 1342 809 1410 ita
841 1352 883 1410 ut
910 1337 1018 1409 etiam
1049 1349 1160 1406 noctu
1186 1333 1288 1405 etin

288 1451 426 1528 somnis
442 1460 546 1520 vexet
564 1443 736 1541 inquietis
758 1443 909 1515 somniis
933 1455 970 1512 et
993 1439 1207 1532 angoribus,
1233 1449 1287 1506 at-

290 1581 360 1652 que
377 1557 468 1626 adeo
484 1565 525 1624 ut
543 1561 659 1620 totum
676 1571 807 1640 corpus
823 1545 964 1617 diffluat
984 1544 1175 1616 sudoribus
1197 1563 1286 1632 prae

289 1660 352 1729 illa
377 1657 489 1728 nimia
514 1650 690 1744 angustia.
750 1650 805 1720 Ad
830 1645 919 1718 haec
943 1647 1164 1718 dormientes
1188 1642 1288 1714 ducit

290 1775 390 1834 extra
421 1757 583 1832 cubicula
617 1753 655 1823 in
675 1755 755 1824 loca
780 1751 992 1846 praecipitia
1016 1763 1053 1822 et
1072 1746 1287 1850 periculosa,

291 1889 384 1961 quos
398 1864 428 1934 si
452 1859 571 1953 angeli
594 1881 669 1928 non
695 1857 936 1938 custodirent,
971 1855 1141 1924 caderent
1163 1861 1199 1920 et
1225 1871 1287 1942 pe-

292 1969 418 2044 rirent.

621 2146 849 2216 Summum
873 2142 954 2214 ius.

396 2281 597 2357 CLXXXII
619 2283 790 2378 Quidam
807 2282 957 2352 molitor
971 2276 1128 2351 habebat
1145 2276 1288 2350 asinum

292 2406 329 2465 et
344 2390 483 2461 vicinus
497 2387 656 2481 piscator
670 2381 862 2479 scapham,
892 2397 1045 2480 uterque
1066 2404 1142 2452 non
1166 2380 1290 2473 alliga·

291 2508 352 2566 rat
372 2517 449 2566 rem
475 2515 590 2563 suam.
658 2489 753 2584 Casu
777 2500 897 2558 autem
920 2486 1069 2570 accidit,
1107 2497 1149 2555 ut
1169 2483 1290 2556 asinus

293 2599 501 2671 ascenderet
524 2594 563 2662 in
584 2589 777 2685 scapham,
821 2614 913 2686 quae
936 2612 1003 2683 per
1023 2583 1120 2658 hunc
1149 2599 1288 2657 motum

293 2711 415 2773 amota
432 2711 503 2778 est;
531 2695 652 2768 asinus
671 2719 744 2767 una
762 2718 843 2765 cum
860 2689 991 2786 scapha
1010 2690 1131 2784 periit.
1170 2688 1291 2784 Quae-

293 2806 407 2887 ritur,
431 2815 511 2874 uter
528 2801 679 2870 alterum
699 2799 777 2869 iure
801 2821 967 2868 accusare
988 2791 1223 2888 potueritw),
1250 2792 1292 2868 ob

294 2913 350 2986 bet
367 2905 444 2996 &let
460 2910 521 2982 tea
536 2903 622 2995 tboo
637 2904 713 2978 oter
728 2904 782 2977 bet
799 2901 884 2994 ibon
900 2904 961 2975 beo
977 2896 1052 2994 blei
1072 2897 1136 2996 bob
1158 2897 1291 2994 binnan

293 3007 415 3108 pefict.
465 3006 625 3100 Quidam
640 3030 683 3075 ex
700 3003 937 3076 assidentibus
952 3001 1120 3074 dixerunt
1138 3024 1212 3071 esse
1235 3024 1292 3071 ea-

294 3140 374 3186 sum
387 3109 603 3192 ¹fortuitum,
630 3122 665 3178 et
679 3107 851 3201 utrinque
867 3106 1090 3199 negligenter
1103 3115 1290 3198 peceatum

296 3240 392 3300 esse,
433 3213 556 3307 itaque
584 3211 704 3306 inquit
726 3210 788 3282 D.:
832 3209 1022 3281 Summum
1047 3205 1103 3278 ius
1133 3231 1210 3277 non
1240 3218 1293 3278 est

294 3319 573 3414 praestandum,
599 3315 662 3386 sed
685 3313 806 3406 potius
831 3310 1014 3407 aequitas,
1048 3309 1099 3381 sic
1122 3321 1158 3380 et
1171 3303 1292 3380 Theo·

295 3421 369 3514 logi
388 3424 516 3490 docere
531 3419 662 3488 debent
678 3411 865 3499 homines,
893 3422 956 3492 bai
981 3417 1031 3492 bit
1053 3415 1122 3489 [tiit
1149 3411 1234 3508 ηἰῲῐ
1252 3435 1293 3507 gtt

296 3526 409 3620 bellici)
425 3522 502 3619 aad)
515 3543 555 3616 att
575 3522 640 3616 bdfi
656 3523 798 3598 wetbttt.
847 3517 933 3589 Ideo
954 3518 1151 3592 secundum
1170 3517 1292 3613 aequi-

296 3641 407 3700 tatem
425 3625 549 3697 omnia
561 3625 754 3694 iudicanda
773 3634 858 3696 sunt

220 3855 224 3860 -
307 3811 360 3871 aas
372 3808 462 3880 iunget
494 3737 652 3874 {hisham

494 3877 681 3942 Magistratus

882 3749 1016 3790 sunnon
1027 3736 1072 3789 los

702 3743 762 3942 {aa
774 3804 854 3871 inber
882 3816 1017 3859 sumu
1029 3805 1207 3858 mman-

883 3885 1017 3928 sunerr
1029 3874 1223 3927 obedentiam.

401 4053 660 4125 Prudentia
689 4052 734 4120 in
760 4049 1003 4121 ambienda
1028 4071 1182 4122 uxore.

403 4190 622 4266 CLXXXIII.
651 4190 725 4262 Res
738 4189 845 4282 longe
859 4187 1062 4261 miserrima
1085 4199 1138 4258 est
1161 4179 1316 4262 habere,

902 241 1027 316 run.
1061 237 1175 314 uua.
1209 235 1414 311 semera
1447 230 1717 344 ursuoarca.

1255 613 1305 684 ibi
1331 613 1487 706 dignitas
1513 608 1622 684 habe·-

1281 729 1342 788 tur
1363 740 1432 810 pro

2126 165 2130 173 ⁵
2256 221 2341 301 sae

1698 403 1885 484 libertate,
1911 423 2007 494 quae
2021 397 2095 468 abit
2112 396 2149 466 in

1724 504 1920 576 licentiam.

1700 659 1828 752 opibus
1844 669 1879 728 et
1894 655 2097 727 nobilitate.

1643 907 1647 912 Ι
1702 813 1858 895 virtute,
1891 823 1927 880 et
1946 805 2016 878 hoc
2039 807 2152 898 impe-

1720 915 1816 986 rinm
1830 926 1884 986 est
1893 912 2151 983 felicissimum.

1337 1068 1565 1142 Diabolus
1592 1068 1938 1160 cognoscendus
1964 1090 2013 1136 ex
2040 1061 2347 1168 inspectione

1717 1167 1956 1266 Decalogi.

1441 1305 1675 1380 CLXXXIIII.
1710 1307 1809 1380 Sicut
1824 1306 1924 1380 Deus
1947 1318 2002 1377 est
2023 1300 2134 1376 thesis
2149 1301 2352 1393 Deealogi,

1338 1410 1389 1482 ita
1405 1410 1580 1483 Diabolus
1597 1425 1650 1484 est
1664 1407 1851 1482 antithesis
1864 1410 1962 1492 eius,
1987 1411 2037 1478 ita
2052 1408 2084 1480 si
2097 1407 2195 1480 voles
2209 1429 2349 1476 veram

1339 1515 1533 1607 imaginem
1561 1537 1774 1606 agnoscere,
1804 1515 1987 1607 perpende
2012 1511 2201 1603 diligenter
2219 1507 2352 1578 Deca-

1338 1618 1474 1710 logum.
1532 1615 1679 1688 Diaboli
1701 1629 1809 1709 caput
1830 1630 1883 1690 est
1905 1627 2030 1686 contra
2052 1614 2207 1706 primam
2228 1613 2351 1682 tabu-

1338 1721 1434 1808 lam,
1459 1744 1591 1814 nempe
1612 1719 1692 1792 Deo
1717 1743 1793 1790 non
1817 1720 2016 1803 confidere,
2049 1717 2168 1811 ipsum
2190 1739 2264 1787 nou
2296 1714 2352 1784 ti-

1340 1847 1459 1910 mere‚
1483 1847 1560 1894 non
1584 1823 1754 1916 diligere,
1778 1847 1845 1894 uec
1867 1846 1993 1896 veram
2016 1819 2169 1912 gloriam
2189 1817 2256 1911 ipsi
2283 1831 2351 1890 at·

1340 1927 1513 1999 tribuere.
1545 1924 1588 1996 ln
1602 1929 1761 2000 secundo
1777 1936 1970 2019 praecepto
1986 1924 2207 2015 comperitur
2213 1921 2350 1992 Deurn

1340 2024 1667 2127 blasphemarefl),
1699 2042 1825 2101 contra
1848 2030 1966 2122 ipsum
1990 2049 2238 2110 murmurare,
2264 2048 2350 2094 no-

1341 2132 1439 2203 mine
1454 2133 1530 2204 eius
1545 2133 1697 2226 pessime
1712 2132 1825 2205 abuti.
1861 2128 1903 2201 ln
1918 2131 2026 2202 tertio
2041 2139 2350 2220 estnontemptus

1341 2235 1464 2320 verbi,
1487 2237 1585 2308 nolle
1605 2234 1732 2307 audire
1748 2234 2119 2329 Deum=loquentem,
2144 2233 2206 2304 sed
2226 2231 2351 2304 cavil-

1340 2339 1431 2424 lari,
1468 2338 1571 2412 illum
1591 2351 1854 2424 rontemnere,
1891 2337 2060 2432 persequi
2091 2346 2126 2405 et
2155 2333 2351 2426 negligere

1341 2442 1527 2514 ministros
1542 2443 1665 2527 verbi,
1693 2443 1785 2516 adeo
1805 2455 1846 2515 ut
1866 2444 1962 2514 lame
1985 2452 2158 2534 pereant,
2188 2461 2351 2512 omnem

1341 2557 1528 2641 praeterea
1545 2545 1681 2619 cultum
1696 2545 1799 2617 flocci
1813 2547 1982 2637 pendere.
2034 2543 2195 2614 Secunda
2211 2542 2351 2612 tabula

1343 2648 1503 2720 continet
1529 2673 1660 2740 corpus
1682 2647 1842 2722 Diaboli.
1908 2647 2003 2722 Nam
2029 2658 2205 2740 ,quartum
2231 2667 2351 2736 prae·

1343 2763 1505 2844 ceptum,
1537 2765 1702 2844 parentes
1719 2764 1971 2835 contemnere,
1997 2750 2049 2822 eis
2063 2749 2161 2822 nolle
2176 2746 2351 2833 obedire,

1343 2879 1404 2926 eos
1420 2853 1553 2924 iniuria
1572 2855 1730 2938 afficere,
1755 2854 1951 2928 seditiones
1965 2865 2091 2923 contra
2108 2851 2349 2944 magistratus

1343 2981 1503 3042 movere,
1526 2971 1579 3031 est
1596 2972 1718 3054 pectus
1732 2957 1881 3029 Diaboli
1896 2957 2121 3030 dissolutum.
2159 2953 2348 3048 Quintum

1344 3072 1595 3155 praeceptum,
1626 3061 1806 3146 occidere,
1838 3060 1974 3145 odisse,
2007 3058 2134 3140 irasci,
2169 3053 2350 3128 omnibus

1343 3160 1553 3236 hominibus
1577 3166 1670 3234 male
1694 3165 1808 3248 velle,
1842 3165 2019 3257 prodere,
2052 3163 2233 3245 invidere,
2265 3155 2349 3230 hoc

1344 3281 1398 3340 est
1407 3266 1522 3359 ipsius
1538 3291 1613 3338 cor.
1670 3266 1837 3352 Sextum,
1864 3265 2104 3349 adulterium,
2130 3289 2201 3337 csse
2221 3264 2349 3332 fomi-
2389 3289 2394 3296 ·

1345 3383 1526 3455 catonem,
1567 3370 1765 3455 incestum,
1800 3371 1966 3454 mollem,
1998 3368 2242 3448 Sodomitum,
2274 3363 2347 3434 in-

1345 3474 1609 3558 continentem,
1650 3472 1873 3565 impudicum
1907 3473 2029 3565 lingua
2062 3485 2099 3542 et
2126 3483 2240 3563 gestu,
2279 3481 2347 3540 est

1345 3587 1471 3647 venter
1503 3575 1662 3648 Diaboli.
1726 3576 1951 3668 Septimum,
1989 3575 2173 3646 neminem
2200 3573 2351 3658 iuvare,

1346 3678 1483 3750 cunctis
1506 3675 1718 3761 hominihus
1747 3691 1810 3750 aut
1831 3680 1958 3750 fraude
1980 3703 2044 3750 sua
2065 3687 2197 3749 nocere
2221 3689 2286 3748 aut
2309 3677 2351 3748 vi

1345 3783 1574 3868 defraudari,
1611 3782 1820 3874 deglubere,
1860 3782 1992 3854 iniuste
2001 3779 2049 3878 ⁷⁸)
2072 3796 2178 3875 parta
2213 3781 2350 3852 confir-

1346 3908 1460 3968 mare,
1487 3909 1623 3957 merces
1635 3886 1855 3956 adulterinas
1872 3885 2042 3971 vendere,
2063 3881 2253 3958 haecsunt
2266 3909 2350 3956 ma·

1346 4012 1415 4061 uus
1431 3999 1473 4079 et,
1482 4011 1620 4080 ungues
1632 3989 1742 4060 illius.
1793 3987 1993 4074 Octavum,
2018 3989 2233 4073 detrectare,
2252 3988 2351 4059 inia-

1346 4113 1460 4175 mare‚
1487 4091 1663 4176 cavillari,
1687 4091 1902 4162 calumniari
1918 4092 2078 4184 singula,
2103 4089 2192 4163 haec
2211 4105 2266 4164 est
2282 4117 2353 4162 vo-
2452 4115 2453 4118 ’

1346 4195 1466 4268 luntas
1480 4194 1577 4281 eius,
1604 4198 1667 4271 tot
1684 4191 1724 4284 ill
1738 4199 1802 4272 bot
1815 4193 2008 4291 becobttid)
2024 4196 2108 4273 attat
2125 4201 2182 4272 bet
2198 4195 2353 4290 trulleia.

299 4299 394 4370 vitae
412 4299 545 4370 sociam
563 4295 713 4366 infidam
739 4292 966 4386 ignorantem
1001 4291 1064 4362 sed
1085 4289 1239 4360 scienter
1260 4301 1296 4358 et
1347 4297 1452 4370 Nunc
1479 4297 1605 4389 surgito
1632 4297 1698 4368 tibi
1730 4311 1764 4368 re
1795 4300 1916 4369 videre
1936 4297 2122 4371 hominem
2147 4301 2356 4395 perditissi.

299 4401 441 4498 publice
456 4403 550 4472 serre
566 4396 857 4470 molestissimum
875 4407 946 4480 est,
973 4393 1065 4466 sicut
1086 4403 1241 4492 apparet
1257 4391 1295 4460 in
1348 4427 1447 4470 mum
1465 4413 1500 4471 et
1514 4401 1856 4497 desperatissimum,
1879 4405 1923 4480 ba
1936 4401 2051 4500 pggpu
2064 4407 2125 4482 m
2139 4402 2252 4501 “apd
2268 4407 2355 4482 legg,

299 4528 462 4601 pavone,
499 4501 582 4598 qui,
623 4513 664 4572 ut
692 4501 833 4582 ierunt,
872 4498 1026 4569 similem
1056 4496 1114 4566 vel
1142 4496 1314 4570 rivalem,
1348 4501 1468 4600 hafflig,
1522 4501 1685 4578 Christus
1708 4505 1809 4576 illum
1834 4503 2006 4599 depinxi(
2019 4509 2244 4600 paucisgimi,
2267 4533 2355 4580 ver.

299 4611 394 4679 lerre
409 4605 554 4701 nequit;
577 4603 731 4697 proinde
755 4603 786 4674 si
807 4601 847 4670 in
870 4625 964 4698 aqna
979 4599 1175 4692 imaginem
1191 4621 1293 4672 suam
1347 4610 1415 4696 his,
1432 4609 1641 4679 mendacem
1657 4611 1844 4703 appellans
1860 4624 1984 4681 contra
1997 4612 2153 4704 primam
2169 4612 2356 4698 tabulam,

301 4709 477 4804 conspicit
492 4721 528 4781 et
543 4731 624 4778 eam
639 4707 814 4800 impedire
837 4704 983 4800 nequii,
1008 4729 1045 4776 ³0
1072 4704 1190 4796 ipsum
1212 4703 1296 4774 ⁸¹11>-
1350 4726 1386 4782 et
1415 4707 1635 4782 homicidam
1670 4727 1797 4785 contra
1828 4715 2043 4800 secundam',
2095 4715 2216 4808 primo
2248 4717 2355 4786 enim

301 4813 444 4907 mergil·
510 4809 793 4907 M⁰1le⁰ii³q¹¹⁰
818 4834 899 4894 ⁸⁰⁸,
941 4807 1003 4904 (1¹¹5
1036 4817 1235 4900 Pr⁰⁰³¹¹1111
1262 4818 1299 4876 θῑ
1348 4817 1440 4887 falsa
1454 4815 1617 4900 disserit,
1643 4817 1733 4887 falso
1751 4817 1849 4888 cultu
1865 4811 2033 4890 homines
2048 4817 2129 4910 pios
2142 4819 2203 4889 die
2219 4831 2356 4889 noctu-

301 4942 432 4989 u¹010⁵
451 4913 636 5000 amilium,
661 4938 707 4986 ¹¹²
729 4926 863 4988 lemae
886 4923 997 5003 ³8³¹st
1018 4909 1204 4980 affectibus
1224 4909 1299 4980 tuis
1351 4943 1422 5014 que
1451 4919 1638 5006 sollicitat,
1681 4933 1717 4990 et
1742 4946 1815 5015 quo
1840 4932 1924 4991 sunt
1946 4916 2114 4993 homines
2136 4921 2357 5008 sanctiores,

300 5031 451 5112 mium,
477 5020 736 5113 ⁰b⁸0q¹¹²¹¹lets
778 5019 841 5090 ⁸⁰11
861 5013 980 5086 Deum
1004 5025 1130 5099 mm,
1170 5017 1235 5092 bai
1260 5007 1300 5104 III
1352 5047 1397 5094 eo
1418 5020 1573 5095 ferocius
1595 5024 1769 5115 exagitat,
1808 5023 1978 5117 speciosis
2000 5024 2155 5096 cultibus
2173 5025 2358 5110 alliciens,

302 5119 376 5298 {ebt
404 5139 474 5294 ἔξω
503 5122 638 5300 pithen.
701 5120 886 5192 Acerbitas
912 5119 1089 5214 quaedam
1118 5117 1159 5186 in
1183 5141 1298 5190 uxore
1352 5125 1484 5222 quibus
1507 5125 1639 5198 avellat
1660 5151 1679 5196 a
1703 5125 1785 5198 Deo
1807 5140 1843 5198 et
1864 5151 1951 5199 vero
1969 5125 2039 5198 Dei
2059 5128 2169 5202 cultu.
2221 5127 2359 5202 Cultus

318 5246 404 5299 eren
469 5248 506 5296 es

1387 5364 1437 5432 71)
1455 5367 1663 5430 blachum]
1681 5365 1768 5418 Det:
1792 5363 1985 5430 phaphones
2059 5361 2061 5364 ’

337 5463 388 5525 rs)
405 5461 543 5533 poscent]
560 5461 648 5516 cab:
673 5461 763 5530 potutt
1389 5453 1441 5516 78)
1457 5451 1575 5518 trinta]
1593 5451 1676 5506 cod:
1700 5451 1803 5506 utute
