4920 5956
306 209 388 286 sos
425 263 435 292 ,,
608 227 615 234 ·
940 141 1298 323 insonueris
1322 209 1390 303 sn
1416 207 1558 284 voirs.
1582 207 1708 284 1-x.
2263 203 2343 280 soe

1046 381 1193 453 tentiam
1215 381 1302 454 scri·
1351 399 1435 456 aere
1456 381 1613 454 efficiunt
1635 379 1886 465 alterationes,
1906 391 2024 450 'ortos
2046 392 2081 449 et
2102 399 2247 450 occasus
2271 376 2345 448 Co·

306 498 457 580 -ptorum
475 485 616 586 plenips
631 487 842 582 assequeris.
1351 485 1481 558 smicos
1503 496 1539 553 et
1553 478 1786 580 Acronychos
1799 479 1853 580 ⁸),
1886 493 2143 566 cst-vocantur,
2176 491 2344 552 accurate

414 584 513 658 Idem
535 586 606 657 dici
627 600 745 680 potest
764 591 809 659 de
831 587 968 658 ortibus
985 599 1020 658 et
1038 585 1222 658 occasibus
1238 585 1303 655 ali·
1351 597 1579 671 numeratos,
1607 609 1673 658 suo
1688 583 1904 656 calendario
1924 584 2102 668 inserere,
2127 583 2177 654 ita
2199 588 2243 654 nt
2257 605 2345 653 con-

305 702 402 785 quot
421 689 607 762 stellarum
629 691 803 776 fixarum,
829 690 958 786 quibus
979 689 1066 781 ipsis
1081 682 1228 784 quoqne
1242 712 1303 758 ve·
1352 700 1484 782 gmant
1507 701 1645 758 etcum
1667 687 1758 772 situ,
1783 711 1889 782 quem
1908 681 2044 757 babent
2057 681 2263 758 stellstelssc
2277 707 2346 754 no·

311 803 404 866 teres
424 793 464 882 in
484 792 723 886 descriptione
739 794 828 864 certi
843 793 1016 884 temporis
1030 791 1086 864 usi
1099 803 1201 874 sunt,
1225 813 1303 862 non
1351 802 1425 864 stra
1450 801 1585 876 aetate,
1614 803 1650 862 et
1673 814 1754 861 cnm
1776 789 1846 859 loci
1869 789 1946 862 eius
1967 785 2177 874 horizonte,
2207 789 2251 858 in
2269 807 2345 882 qno

310 895 436 980 aliter,
466 917 576 990 quam
602 920 669 970 nos
690 897 874 968 mentione
899 894 1196 976 alicuiussancti,
1221 891 1301 987 utl)
1352 893 1433 988 quis
1449 917 1488 964 se
1504 915 1714 964 mansurum
1731 891 1953 988 aliquamdiu
1968 905 2099 984 speret.
2281 889 2285 896 '

309 993 516 1082 Michaelis,
537 997 688 1070 Martini
712 1012 775 1070 aut
793 998 938 1082 similis,
967 995 1062 1067 diem
1082 995 1213 1066 mensis
1228 1017 1302 1066 cer·
1457 993 1606 1086 coint)
1629 995 1683 1066 rei
1706 1008 1749 1065 ut
1767 995 1969 1087 exemplem
1992 993 2195 1065 iunioribus
2210 1013 2347 1087 propo·

310 1101 388 1172 tu'm
412 1100 572 1171 indicare
589 1101 756 1174 solemus.
808 1100 979 1174 Proderit
993 1098 1101 1192 igitur
1116 1098 1196 1170 illos
1213 1121 1303 1191 quo·
1353 1120 1491 1180 nerem,
1506 1096 1709 1190 aliquarum
1725 1095 1917 1167 Stellarum
1936 1108 2035 1169 ortus
2051 1107 2088 1166 et
2104 1119 2247 1168 occasus
2262 1117 2345 1166 cum

310 1228 381 1298 que
397 1215 498 1274 ortus
512 1214 549 1273 et
565 1225 710 1276 occasus
726 1217 874 1288 veteres,
891 1214 1137 1297 quatenusres
1153 1201 1303 1290 patitur,
1353 1199 1456 1284 Sole,
1492 1212 1728 1291 congruentes
1744 1201 1797 1280 ,ad
1822 1200 2058 1270 elevationem
2082 1197 2158 1291 poll
2181 1197 2348 1268 Viteben·

311 1317 504 1376 annotatos
525 1305 565 1374 in
580 1306 796 1378 calendario
818 1303 970 1388 babere,
996 1317 1036 1373 ut
1061 1316 1203 1396 tempus
1219 1299 1303 1372 seiri
1353 1325 1518 1393 gensem,
1538 1325 1649 1395 quae
1674 1303 1710 1374 8.
1734 1302 1809 1372 sere
1837 1302 1986 1374 minutis
2012 1302 2113 1374 abest
2130 1303 2176 1372 ab
2195 1299 2348 1393 integris

193 1410 195 1419 '
310 1407 444 1501 possit,
470 1410 570 1502 quod
591 1433 658 1501 per
679 1421 798 1488 ortum
812 1410 933 1480 stellae
952 1418 1193 1478 autoccasurn
1208 1427 1228 1472 a
1244 1427 1303 1474 ve·
1353 1403 1524 1495 gradibus
1546 1403 1807 1498 quinquaginta
1828 1403 2120 1489 dnobus,·certis
2142 1405 2269 1475 diebus
2284 1403 2348 1472 sd·

311 1510 514 1584 tustissimis
534 1509 602 1582 suit
624 1510 862 1604 designatum.
911 1508 1021 1582 Cuius
1036 1505 1303 1577 consuetudinis
1353 1505 1503 1598 scripsi,
1527 1529 1613 1578 usus
1628 1505 1819 1577 Stellarum
1834 1506 1922 1579 locis
1941 1507 2139 1578 emendatis
2160 1505 2258 1578 inste
2277 1505 2349 1576 00-

310 1607 400 1684 baec
420 1611 580 1684 fortassis
602 1613 723 1709 aliqua
747 1637 852 1686 causa
867 1613 955 1696 luit,
985 1612 1083 1706 quod
1099 1609 1304 1700 scriptores,
1354 1607 1492 1700 pernici
1514 1608 1801 1694 observationes,
1835 1631 1906 1704 qua
1930 1610 1971 1678 in
1990 1631 2030 1679 re
2055 1609 2198 1682 adiutus
2221 1631 2301 1680 sum
2324 1631 2346 1676 a

311 1715 376 1810 qni
396 1739 460 1788 sua
483 1729 718 1786 monumenta
742 1716 781 1784 in
802 1715 958 1806 plurium
982 1712 1201 1805 populorum
1223 1733 1305 1800 me·
1354 1711 1434 1781 viro
1465 1709 1673 1782 doctissimo
1705 1709 1758 1781 tt.
1782 1709 1935 1783 Erasmo
1967 1708 2173 1784 lleinboldo
2211 1710 2348 1783 suvet-

310 1841 379 1890 nus
392 1829 608 1909 perventura
628 1843 703 1894 esse
719 1819 910 1890 eredebant
924 1828 989 1886 aut
1002 1815 1207 1907 sperabant,
1222 1836 1302 1884 cum
1355 1811 1477 1896 densi,
1516 1807 1780 1884 Mathematum
1807 1811 2014 1886 Professore
2040 1815 2185 1907 publico
2211 1815 2251 1884 in
2277 1809 2349 1882 bac

310 1921 489 1991 mensium
505 1920 819 2012 appellationibus,
841 1932 905 1992 aut
920 1920 1091 1990 lestorum
1108 1913 1304 2000 mentione,
1353 1912 1569 1999 Academia,
1592 1918 1638 1985 de
1652 1915 1753 1987 cuine
1769 1918 1918 1990 eruditis
1932 1917 2242 1989 lucubrationibus
2262 1937 2349 2008 pro-

309 2045 405 2118 quae
427 2021 575 2114 singulis
594 2025 705 2094 ferme
719 2022 922 2093 civitatibus
939 2032 1043 2091 erant
1057 2017 1250 2112 peculiaria
1269 2029 1305 2086 et
1354 2015 1498 2109 pediem
1524 2017 1563 2086 in
1593 2020 1708 2088 lucem
1739 2015 1849 2090 exibit
1875 2020 1965 2091 utile
1993 2033 2029 2092 et
2059 2020 2182 2112 magni
2210 2019 2348 2091 laboris

311 2125 473 2210 diversa,
514 2138 628 2198 certas
655 2127 741 2197 anni
764 2136 891 2218 partes·
909 2148 1050 2215 semper
1070 2121 1230 2191 indicare
1252 2119 1302 2190 ita
1355 2142 1467 2211 opus,
1492 2119 1680 2190 confluens
1695 2133 1796 2194 ortus
1810 2133 1844 2192 et
1863 2145 2019 2207 occasus,
2047 2124 2131 2192 item
2148 2122 2348 2216 apparitio-

313 2228 502 2298 commode
518 2251 593 2298 non
608 2240 776 2320 possent,
799 2228 1009 2318 delegerunt
1024 2224 1142 2297 stellas
1165 2222 1305 2318 aliquot
1355 2245 1418 2292 nes
1433 2233 1469 2292 et
1481 2223 1736 2294 occultationes
1752 2223 1866 2295 multo
1883 2224 2040 2318 plurium
2056 2225 2270 2311 Stellarum,
2300 2224 2349 2294 ad

312 2329 489 2422 insignes,
522 2354 677 2424 quarum
700 2344 801 2401 ortus
825 2341 860 2398 et
884 2352 1047 2412 occasus,
1073 2325 1171 2418 vulgi
1194 2325 1302 2394 etiam
1355 2323 1562 2416 variaspoli
1579 2325 1796 2398 elevationes
1813 2339 1849 2398 et
1863 2327 2005 2398 climata
2022 2341 2269 2420 congruentes.

314 2431 427 2504 oculis
449 2431 654 2526 conspicui,
680 2446 716 2503 et
740 2434 931 2506 observatu
950 2433 1090 2513 faciles,
1115 2428 1154 2499 in
1168 2425 1305 2522 praeci·
1458 2425 1529 2497 Sed
1548 2422 1607 2498 bie
1627 2449 1776 2500 monere
1795 2429 2036 2504 adolescentes
2051 2431 2172 2517 votui,
2195 2451 2277 2503 cutn
2291 2433 2349 2502 le·

310 2557 467 2627 puerum
490 2535 731 2608 mutationum
744 2533 842 2616 ,anni
867 2531 967 2604 initia
987 2537 1176 2614 caderent,
1205 2541 1245 2598 ut
1261 2527 1305 2599 iis
1355 2541 1441 2621 gent
1456 2527 1496 2598 in
1513 2525 1584 2600 boc
1597 2531 1717 2601 libello
1734 2544 1835 2604 ortus
1850 2545 1887 2602 et
1899 2554 2045 2605 occasus
2064 2533 2262 2606 matutinos
2283 2547 2348 2605 aut

313 2636 523 2726 nominatis,
545 2637 666 2709 statim
681 2651 774 2710 certa
789 2661 873 2730 pars
889 2637 977 2706 anni
993 2629 1304 2728 intelligeretur‘).
1356 2632 1590 2721 vespertinos,
1616 2646 1657 2703 ut
1670 2633 1751 2706 illos
1765 2647 1906 2704 tanturn
1924 2635 2135 2728 intelligant,
2212 2660 2253 2710 os
2268 2639 2349 2707 mt-

414 2741 472 2811 Ad
494 2764 574 2810 eam
596 2764 674 2811 rem
700 2739 1084 2812 censuerunt-idoneas
1107 2761 1149 2806 ex
1164 2734 1303 2804 inlinita
1355 2755 1401 2824 go
1414 2733 1453 2802 in
1468 2731 1599 2807 scholis
1614 2749 1745 2806 vocent
1759 2735 1943 2810 Cosmicos
1956 2751 1993 2809 et
2005 2660 2251 2834 Acronycllbs,
2269 2763 2346 2810 non

313 2839 542 2914 multitudine
572 2844 754 2915 stellarum
787 2843 886 2912 coelo
916 2837 1202 2920 inhaerentium,
1239 2831 1305 2906 lras
1356 2833 1533 2909 Heliacos.
1595 2837 1726 2908 Ortum
1759 2839 1856 2910 enim
1890 2841 2106 2913 matutinum
2137 2843 2346 2914 omonimus

232 2957 236 2966 '
313 2945 406 3015 fere:
449 2943 632 3029 Pleiades,
665 2971 818 3041 quarum
839 2958 940 3014 ortus
966 2943 1164 3016 matutinus
1188 2952 1305 3010 aesta·
1355 2937 1487 3008 Stellae
1519 2963 1706 3023 ascensum
1740 2964 1847 3034 supra
1875 2943 2111 3015 Horisontem
2141 2967 2221 3016 cum
2249 2946 2348 3029 Sole,

313 3057 408 3130 tem,
434 3069 579 3120 occasus
596 3048 793 3120 matutinus
808 3044 974 3140 hyemem
993 3043 1164 3116 inchoare
1185 3042 1305 3111 crede·
1356 3062 1463 3134 quem
1487 3041 1715 3114 Ptolemaeus
1743 3041 2003 3144 συνανατολὴν
2031 3045 2130 3120 ἑώαν
2159 3044 2349 3143 ἀληθινὴν

311 3147 438 3228 batum
477 3146 633 3234 Canem,
665 3149 764 3222 cuius
796 3162 896 3220 ortus
923 3147 1120 3220 matutinus
1145 3143 1304 3216 medium
1356 3143 1530 3235 appellat;
1565 3159 1684 3214 ortum
1700 3169 1786 3218 vero
1804 3149 2062 3240 vespertinnrn,
2078 3149 2208 3220 Stellae
2223 3167 2349 3221 ascen-

314 3248 477 3334 aestatis,
503 3263 538 3320 et
560 3251 840 3324 intensissimnm
862 3263 999 3323 aestum
1015 3249 1204 3328 afferebam
1236 3245 1305 3314 Ar-
1355 3269 1435 3316 sum
1456 3269 1566 3338 supra
1588 3246 1845 3334 Horizontem,
1878 3251 1946 3344 qui
1976 3253 2016 3322 lit
2035 3253 2118 3327 Sole
2143 3253 2347 3336 -oeeldeete,

313 3363 474 3435 cturum,
505 3352 606 3424 cuius
628 3366 728 3426 ortus
755 3353 951 3426 matutinus
973 3351 1138 3426 autumni
1159 3349 1302 3421 initium
1356 3347 1419 3441 qui
1451 3371 1471 3415 a
1502 3349 1712 3422 Ptolemaeo
1745 3353 1877 3422 dicitur
1915 3349 2152 3449 assumsit}
2178 3351 2349 3453 ·tos·spto

313 3465 350 3524 et
371 3449 737 3550 vindemiae'tempus
758 3453 1000 3552 nuntiabat).
1051 3455 1103 3528 lta
1127 3453 1303 3522 maiorem
1355 3445 1530 3545 ἀληθινή.
2232 3465 2236 3479 ’

311 3568 454 3656 partem
476 3557 582 3642 anni,
609 3583 700 3653 quae
725 3561 885 3630 continet
898 3572 1039 3652 tempus
1059 3557 1213 3630 maxime
1227 3552 1305 3622 ido·
1458 3551 1597 3626 Rursus
1617 3577 1684 3647 per
1705 3579 1868 3629 occasum
1885 3559 2102 3631 matutinam
2113 3559 2267 3653 intelligi
2280 3582 2351 3632 vn-

312 3682 442 3744 neum,
473 3683 548 3728 non
579 3671 719 3731 tantum
750 3663 855 3734 rebus
880 3661 1108 3733 nascentibus
1132 3671 1304 3740 exterra,
1355 3654 1473 3725 lumus
1490 3655 1621 3727 Stellae
1640 3659 1852 3732 descensum
1873 3659 1969 3732 intra
1986 3659 2350 3749 usummeumne,

314 3761 375 3831 sed
392 3762 743 3854 peregrinationibus
766 3765 895 3849 etiam,
922 3763 1208 3858 expeditionibus
1231 3759 1304 3831 bel·
1355 3745 1513 3828 cnuiSol
1535 3759 1669 3845 oritur,
1694 3785 1801 3858 quem
1817 3761 2044 3838 Ptolemaeus
2066 3767 2233 3839 nominat
2252 3784 2352 3864 any·

312 3859 411 3943 licis,
448 3875 482 3931 et
503 3863 582 3936 aliis
605 3867 711 3938 rebus
732 3867 916 3958 gerendis,
943 3868 1192 3938 discernebant
1212 3863 1304 3932 anti·
1354 3851 1564 3936 κατάδυσιν
1596 3855 1696 3938 edus
1728 3861 1932 3962 ἀλκηθινήκ
1972 3890 2039 3961 per
2069 3885 2233 3946 occatum
2255 3891 2350 3940 vero

313 3963 477 4060 quissimi
511 3960 639 4035 harum
676 3969 787 4038 lerme
813 3968 995 4040 stellarum
1024 3971 1162 4042 ortibus
1184 3978 1220 4037 et
1245 3991 1304 4036 oc·
1355 3964 1619 4053 vespertinum,
1659 3967 1789 4040 Stellae
1811 3972 2017 4043 descensum
2046 3971 2140 4041 inire
2165 3971 2352 4044 llerieon·

313 4065 454 4138 casibus
477 4069 732 4159 apparentibus
753 4096 859 4143 mane
883 4084 946 4143 aut
971 4073 1122 4166 vesperi.
1173 4069 1302 4141 Postea
1355 4076 1445 4149 tem,
1472 4091 1552 4139 eum
1573 4067 1656 4141 Sole
1678 4071 1880 4158 occidente,
1905 4074 1968 4168 qui
1984 4076 2083 4166 apud
2094 4075 2349 4146 Ptolemaeum

311 4169 455 4263 sequuti
476 4171 537 4237 alii
562 4171 779 4243 addiderunt
802 4174 958 4268 plurium
978 4177 1160 4248 stellarum
1180 4171 1304 4243 obser.
1355 4179 1408 4238 est
1428 4168 1705 4270 συγκατάδυσις
1726 4172 1877 4274 inuenio
1896 4171 2070 4271 ἀληθινή.
2121 4175 2197 4250 llos
2218 4189 2349 4249 autern

238 4317 243 4328 1
313 4268 494 4355 vationes,
529 4273 671 4370 aliaque
699 4301 830 4368 genera
861 4289 1026 4362 ortuum,
1059 4301 1138 4348 non
1160 4287 1301 4348 tantum
1355 4281 1455 4344 ortus
1489 4287 1524 4344 et
1558 4299 1701 4350 occasus
1736 4279 1816 4348 ideo
1850 4279 2078 4370 potissimum
2114 4279 2353 4373 sumpsimus,

312 4383 353 4442 ut
369 4371 439 4444 illis
455 4387 616 4466 tempora
636 4378 916 4470 distinguerent,
942 4382 1002 4450 sed
1026 4382 1132 4450 etiam
1155 4391 1196 4452 ut
1214 4391 1302 4448 tem·
1354 4377 1452 4468 quod
1466 4381 1683 4471 experientia
1700 4391 1857 4465 constat,
1882 4385 2009 4454 Stellas
2026 4383 2133 4454 simul
2143 4383 2202 4453 vel
2218 4405 2354 4454 ucen-

312 4486 489 4570 pestatum
515 4501 638 4549 causas
660 4483 929 4578 quodammodo
958 4495 1302 4575 praemonstrarent,
1353 4481 1477 4552 dentes
1492 4482 1549 4550 vel
1562 4483 1814 4556 descendentes
1828 4507 1909 4554 cum
1923 4486 2008 4558 Sole
2027 4499 2089 4556 aut
2108 4509 2152 4557 ex
2173 4485 2350 4577 opposito

311 4590 353 4648 ut
369 4588 507 4649 constat
525 4605 567 4650 ex
581 4581 692 4651 Plinii
713 4585 771 4655 18.
786 4583 880 4657 libro
897 4598 931 4657 et
946 4583 1120 4658 Columel.
1137 4587 1195 4658 11.
1211 4598 1302 4658 etex
1353 4583 1518 4654 miranda
1541 4598 1577 4655 et
1598 4588 1736 4658 occulta
1754 4586 1790 4656 vi
1807 4600 1958 4660 naturae
1975 4589 2142 4675 excitari,
2167 4601 2202 4658 et
2216 4589 2349 4662 sumn-

311 4677 435 4750 Ovidii
450 4707 511 4752 sex
527 4681 701 4755 fastorum
717 4683 828 4760 libris.
1352 4687 1421 4756 lari
1434 4687 1549 4782 quasi,
1565 4701 1605 4758 ut
1619 4691 1793 4762 efficacius
1809 4703 2037 4783 tempestates
2047 4703 2198 4764 muteet.
2223 4691 2349 4764 Prod-

415 4781 484 4853 sed
506 4797 678 4876 poterunt
697 4789 848 4862 studiosi
873 4791 1113 4864 adolescentes
1128 4788 1221 4863 hanc
1238 4815 1301 4862 an·
1353 4791 1421 4860 erit
1449 4790 1558 4882 igitur
1585 4791 1752 4866 nonnihil
1777 4789 1865 4864 leaeo
1896 4809 2041 4866 ortuum
2072 4796 2260 4866 annotatio
2295 4802 2346 4868 ad

310 4882 487 4978 tiquitatis
506 4886 728 4978 diligentiam
745 4890 946 4980 imitantes,
973 4908 1009 4966 et
1023 4895 1093 4964 iam
1109 4894 1300 4982 dictarum,
1351 4893 1522 4964 indicium
1544 4894 1590 4964 de
1613 4896 1900 4990 tempestatibus,
1939 4923 2029 4993 quas
2054 4913 2175 4970 tamen
2195 4913 2271 4971 non
2298 4905 2348 4971 ab

311 4995 347 5054 et
370 4985 521 5058 aliarum
543 4991 700 5082 plurium
725 4995 928 5081 stellarum,
968 5023 1060 5092 quae
1085 4997 1240 5090 insignes
1262 4999 1300 5067 in
1351 4993 1418 5067 hac
1435 4997 1509 5068 sola
1525 5021 1629 5068 causa
1645 5002 1801 5092 pendere
1817 5001 1949 5072 eruditi
1965 5017 2091 5074 omnes
2107 5000 2275 5096 triow).

315 5127 523 5144 ᾖ
1354 5135 1559 5150 ffi-

343 5185 376 5254 ῦ)
394 5189 441 5250 ⁰²]
459 5188 502 5240 ⁵¹⁰
518 5191 569 5242 Et·
582 5192 627 5259 to
648 5197 684 5247 eb
699 5196 751 5248 td·
766 5199 790 5252 ¹·
809 5200 899 5254 ebut-
1384 5215 1416 5276 e)
1437 5211 1668 5282 senescentes]
1687 5215 1754 5266 sese
1769 5213 1800 5268 n
1817 5217 1868 5268 re
1880 5217 1906 5270 s.
1918 5215 2013 5271 serus
2029 5218 2111 5282 sun,
2132 5214 2162 5266 n
2179 5213 2269 5266 reo.
2282 5223 2351 5268 sss

343 5273 624 5342 aristodemum]
642 5279 684 5332 sto
700 5281 805 5348 ro.e.;
828 5284 879 5336 Ed.
894 5283 919 5334 1.
937 5287 1160 5349 cognosceretur.
1418 5283 1557 5350 leguntur.

343 5359 464 5420 nitrio
484 5363 547 5415 loeo
570 5363 599 5415 ln
622 5365 750 5432 nerglne
771 5367 913 5434 sescento
936 5373 1019 5422 sont:
1051 5371 1089 5422 111
1106 5371 1186 5424 Pisto
1204 5361 1329 5484 scrlblt'
1362 5373 1416 5440 ,9)
1435 5367 1521 5424 culn!
1539 5367 1582 5420 1·θί
1597 5393 1630 5406 -·
1648 5379 1743 5419 onnes
1763 5365 1877 5443 solunt]
1895 5372 2069 5449 lustrense
2086 5372 2115 5424 ln
2131 5368 2349 5438 Eri-Mem-

378 5431 478 5483 ootevo
496 5431 532 5485 de
547 5431 658 5499 tegibus
675 5447 739 5502 pag.
750 5434 811 5490 eet.
1418 5443 1483 5505 tur,
1505 5437 1541 5487 eb
1557 5437 1607 5488 lto.
1624 5439 1646 5490 t.
1663 5441 1774 5492 essunt.
