4920 5956
122 287 196 372 aas
621 289 698 366 vn.
724 279 1462 364 ·conenantaa1an1at.aortcns
1488 283 1653 357 nano.
2084 279 2160 366 tt's

121 467 395 560 oratoribusque
414 464 610 554 diligenter
635 465 845 546 observare,
878 483 1030 555 quarum
1056 469 1114 527 co'h
1168 457 1398 558 persequitur
1413 457 1449 524 iu
1465 457 1565 529 libris
1578 463 1625 529 de
1642 458 1848 529 inventione
1865 454 1915 531 Μ.
1931 461 2068 533 Cicero
2103 463 2163 536 Tu

121 571 252 663 gnido,
288 591 368 636 mea
396 567 540 662 quidem
575 567 772 649 sententio,
806 565 928 648 indicii
959 564 1117 630 acrimo·¹
1170 566 1217 630 ad
1239 580 1352 628 unum
1379 563 1578 650 exemplum
1606 561 1822 655 etreliqua,
1849 565 2163 658 quaeinscripto·
2196 626 2206 656 ,

123 675 218 742 niam
244 681 394 740 exercet.
518 681 526 709 ’
591 705 594 715 .
975 679 978 690 '
1169 665 1268 732 ribus
1302 675 1512 748 occurrent,
1553 665 1662 755 exige.
1726 663 1859 734 Vinum
1883 661 2034 750 Chium,
2075 669 2162 738 item

395 801 400 810 ¹
525 834 533 848 .
694 833 702 850 .
787 811 791 821 ¹
1123 801 1127 840 t
1170 754 1432 858 Smyrnaeum,
1457 766 1543 833 item
1565 765 1809 858 Campanum,
1835 753 2065 838 calefaciendi
2086 771 2160 839 vim

424 832 491 902 D‘
518 835 806 915 ind-uma&
893 894 897 909 ·
940 881 981 906 ·’
1035 886 1038 895 ·
1103 865 1393 952 ‘,habet,·nec
1412 880 1634 958 compertum
1658 881 1709 940 est
1735 866 2086 940 aliter·deullo·uiui
2103 892 2161 965 ge:

206 967 474 1038 lucumonem
489 965 619 1038 Graeci
635 963 820 1058 epagogm
834 975 983 1048 votam.
1011 978 1117 1054 ergu-
1169 983 1268 1041 uetat
1307 965 1348 1037 ta
1369 971 1467 1038 munt
1485 971 1594 1060 igitur
1611 971 1695 1039 vino
1711 971 1763 1041 ets
1777 971 2009 1042 calefaciendi
2025 985 2087 1046 est.
2109 996 2113 1012 ·
2152 999 2157 1009 ·

124 1071 318 1142 metuendi
339 1071 516 1150 rationem
543 1082 700 1137 naturae
730 1068 954 1160 proximam,
995 1088 1067 1159 qua
1097 1087 1117 1134 e
1193 1089 1196 1094 ’
1576 1085 1581 1095 ·
2057 1085 2060 1093 ·

123 1173 364 1264 singularibus
384 1173 586 1240 universale
610 1170 809 1261 colligitur,
836 1191 909 1262 quo
931 1163 1040 1236 modo
1058 1191 1118 1235 ve·
1169 1187 1219 1227 ,νυ
1331 1189 1333 1196 ·
1516 1139 1577 1212 Β*
1604 1143 1822 1231 “imilla
1887 1187 1892 1198 ·
1964 1189 1968 1199 ’

124 1275 277 1344 risimile
298 1285 351 1342 est
371 1297 499 1343 omnes
522 1286 616 1342 artes
639 1285 798 1364 repertas
823 1289 908 1342 esse.
961 1261 1143 1371 Compsa-l
1273 1269 1504 1360 Exemplum,
1531 1275 1627 1365 quod
1649 1273 1776 1342 Graeci
1792 1271 2002 1363 paradigma
2020 1287 2162 1363 vocant,

125 1375 319 1446 ratis‘enim
337 1376 475 1455 multis,
503 1395 595 1467 quae
611 1375 781 1444 adsiduus
796 1395 917 1442 rerunt
934 1397 1019 1442 usus
1034 1395 1118 1462 sup·
1140 1375 1143 1392 '
1169 1385 1300 1442 est-ant
1315 1373 1508 1456 similium,
1535 1389 1598 1444 aut
1614 1375 1840 1448 dissimilium
1856 1378 2094 1467 comparatio.
2128 1379 2162 1448 Α

127 1479 330 1568 peditabnt,
355 1475 537 1567 stampiis,
563 1477 800 1546 universalem
817 1476 998 1569 quendam
1015 1495 1119 1562 regu·
1168 1473 1277 1545 simili
1299 1475 1451 1566 petitur,
1485 1488 1525 1546 ut
1546 1473 1760 1546 Timotheus
1782 1479 1877 1569 opud
1901 1479 2078 1570 Grandes,
2110 1480 2159 1548 itd

127 1582 199 1647 lam
222 1581 431 1662 statuimus,
462 1592 602 1647 utrum
626 1579 788 1648 viderent
808 1577 960 1658 medici,
992 1576 1117 1644 vinum
1170 1578 1263 1672 Sylla
1289 1577 1429 1646 Romae
1453 1580 1690 1664 fortunatior,
1723 1603 1830 1673 quam
1850 1583 2065 1670 prudentior
2081 1581 2160 1653 totu

126 1677 271 1762 Chium,
296 1681 381 1750 item
400 1681 651 1773 Smyrnaeum,
676 1681 760 1749 item
780 1679 975 1749 Falernum
989 1679 1119 1746 caleis-
1168 1681 1216 1749 lit
1229 1681 1266 1750 iu
1284 1679 1553 1771 comparatione
1568 1682 1754 1766 similium,
1780 1705 1886 1773 saepe
1903 1685 2031 1768 maius,
2052 1707 2160 1776 saepe

126 1783 247 1852 ciendi
273 1783 344 1850 vim
376 1779 527 1865 habere,
557 1781 779 1874 collegerunt
796 1781 1007 1853 inductione
1030 1801 1118 1874 qna·
1170 1785 1254 1852 item
1287 1783 1406 1854 minus
1428 1783 1580 1874 petitur,
1615 1797 1676 1870 ut,
1706 1785 1739 1856 si
1759 1781 1968 1878 philosophi
1990 1798 2159 1864 autorum

125 1889 208 1954 dam
235 1907 298 1955 seu
319 1907 476 1975 epagoga
496 1885 677 1975 regulam,
704 1885 827 1956 vinum
844 1895 973 1952 natura
991 1883 1118 1952 calefa-
1139 1863 1144 1996 i
1169 1909 1317 1958 suorum
1337 1885 1469 1978 singuli
1483 1887 1612 1977 placita
1627 1899 1770 1973 teuent,
1795 1901 1933 1979 quanto
1948 1889 2061 1979 magis
2075 1911 2161 1958 corr·

126 2009 218 2056 cere.
269 1985 453 2067 Breviter,
487 1987 662 2082 quidquid
686 1981 1053 2078 usudeprehensum,
1080 1983 1118 2052 in
1169 1989 1269 2058 venit
1284 1984 1508 2062 Christianos
1533 1990 1700 2079 dogmata
1725 1992 1918 2061 servatoris
1941 1993 1996 2061 sui
2019 1991 2158 2060 tenere!

127 2101 241 2157 artem
273 2101 433 2161 coactum
468 2101 541 2172 est,
579 2089 615 2158 id
644 2089 852 2160 inductione
876 2111 937 2158 seu
957 2107 1116 2179 epagoga
1168 2089 1215 2160 Et
1238 2085 1305 2158 bac
1328 2092 1603 2182 argumentandi
1626 2093 1761 2182 ligura,
1784 2092 1977 2170 ,uescioau
1999 2094 2068 2164 alia
2090 2094 2161 2166 ire*

126 2191 270 2282 collegit
285 2192 390 2262 ratio.
436 2189 577 2260 Certior
592 2191 800 2261 inductione
815 2191 1117 2285 syllogismusest‚
1169 2192 1336 2287 quentius
1359 2206 1562 2285 usurpetur.
1600 2195 1657 2263 ,Α
1677 2194 1858 2279 dissimili,
1892 2198 2161 2288 adeoque-con·

126 2305 316 2385 propterea
341 2292 378 2360 in
402 2291 648 2384 probabilibus
671 2296 830 2362 crebrior
846 2317 929 2364 usus
945 2305 998 2362 est
1013 2292 1117 2361 indu·
1169 2297 1283 2367 trariu
1308 2295 1462 2366 libenter
1485 2309 1798 2388 argumentemur;
1833 2298 1928 2376 ualet
1948 2297 2044 2370 enim
2062 2321 2160 2368 cote·

125 2397 277 2478 ctiouis,
303 2395 487 2486 ,planeque
513 2395 549 2463 in
575 2394 787 2470 coniecturis
818 2404 964 2486 regnat,
997 2407 1054 2478 ut,
1087 2391 1117 2465 si
1169 2398 1309 2489 paratio
1328 2400 1592 2470 contrariorum
1612 2403 1655 2465 ad
1673 2397 1904 2487 evidentiam,
1931 2400 2159 2492 energiamve

125 2497 281 2568 Catilina
307 2498 412 2567 toties
436 2497 586 2566 violavit
604 2498 890 2591 rempublicam,
925 2496 1117 2566 verisimile
1169 2523 1331 2582 caussae,
1356 2513 1397 2570 ut
1421 2503 1517 2594 apud
1536 2499 1681 2570 Livium
1700 2499 1870 2570 Camillus
1891 2501 2069 2572 dissuadet
2093 2503 2160 2570 mi·

86 2662 90 2670 .
125 2612 177 2672 est
193 2623 276 2670 eunt
292 2621 436 2692 semper
453 2600 581 2670 infesto
598 2601 719 2669 animo
737 2601 842 2671 luisse
861 2601 899 2667 in
922 2599 1117 2690 rempubli-
1168 2600 1414 2715 grareVeioq
1444 2599 1701 2699 hortaturque,
1735 2628 1780 2672 ne
1805 2603 1890 2672 velit
1911 2605 2064 2697 populus
2085 2603 2160 2674 llo·

126 2727 217 2773 cam.
276 2702 391 2774 Anxie
420 2701 586 2770 laborant
608 2699 748 2772 scholae
774 2705 812 2771 in
837 2704 1037 2772 reducenda
1062 2702 1117 2770 in-
1167 2728 1296 2774 manus
1317 2729 1415 2773 sacra
1442 2731 1505 2775 sua
1529 2699 1765 2802 desereret').
1824 2703 1899 2777 Hos
1924 2731 2049 2777 omnes
2072 2708 2160 2779 deos

124 2803 297 2876 ductione
311 2806 355 2874 ad
369 2805 627 2898 syllogismum,
655 2831 720 2876 ceu
736 2807 778 2876 ad
797 2806 980 2888 amussim,
999 2827 1116 2897 neque
1168 2807 1330 2900 publicos
1355 2807 1605 2903 privatosque,
1637 2794 1817 2900 Quirites,
1852 2807 2028 2878 deserturi
2052 2805 2160 2900 estisl

125 2909 223 2978 enim
250 2907 319 2978 alia
344 2908 621 2998 argumentandi
643 2909 757 2978 lorma
783 2908 914 2978 certior
936 2920 987 2980 est
1010 2907 1117 3000 sylln·
1169 2908 1286 3005 Quam
1309 2933 1374 3002 par
1391 2923 1545 2982 vestrum
1561 2912 1692 2980 sactum
1709 2923 1777 2996 est,
1829 2915 1901 2982 uu'd
1918 2913 1955 2979 in
1972 2911 2159 2986 obsidione

124 3011 253 3102 giemo.
306 3007 375 3080 Sed
399 3007 487 3080 illud
509 3035 617 3105 quam
640 3011 760 3103 inepte
781 3012 933 3096 incitant,
967 3034 1041 3080 non
1065 3020 1117 3080 est
1168 3036 1284 3104 nuper
1306 3012 1343 3081 in
1367 3013 1509 3107 egregio
1527 3014 1749 3084 adolescente
1762 2935 1894 3102 Fabio,
1926 3037 2001 3082 non
2018 3013 2159 3084 minore

123 3108 233 3182 huius
252 3113 323 3182 loci
343 3125 510 3184 tractare.
570 3112 682 3184 Plane
704 3114 910 3208 syllogismo
936 3110 1115 3182 contraria
1167 3109 1324 3185 hostium
1352 3116 1608 3202 admiratione,
1635 3141 1743 3209 quam
1768 3131 1903 3204 vestra,
1930 3130 2158 3207 conspectum

123 3217 242 3285 forma
267 3214 563 3306 argumentandi,
595 3215 755 3286 inductio
779 3214 904 3312 estffl).
956 3216 1012 3286 Ab
1038 3213 1117 3284 uni·
1168 3231 1242 3299 est,
1280 3243 1389 3311 quom
1423 3218 1517 3288 inter
1540 3217 1675 3288 Gallica
1708 3218 1774 3286 tela
1800 3220 1977 3310 digressus
2002 3243 2160 3308 exerce,

125 3315 324 3388 versalibns
347 3318 393 3387 ad
417 3317 611 3409 singularia
635 3318 862 3412 syllogismus
876 3317 1117 3410 progreditur,
1167 3319 1328 3390 sollenne
1353 3318 1487 3388 Fabiae
1518 3320 1633 3412 gentis
1665 3321 1703 3386 in
1735 3321 1823 3388 colle
1849 3320 2030 3414 Quirinali
2058 3319 2160 3394 obiit.

125 3419 287 3490 inductio
309 3418 587 3510 asingnlaribus
603 3422 649 3488 ad
667 3420 895 3496 universalia.
946 3417 1117 3492 lmmuta-
1167 3426 1225 3494 An
1258 3421 1400 3514 gentilia
1437 3447 1534 3493 sacra
1572 3447 1617 3490 ne
1661 3421 1699 3489 in
1735 3421 1829 3490 bello
1867 3423 2011 3517 quidem
2049 3423 2159 3491 inter-

125 3523 222 3594 veris
245 3545 394 3614 Prorsus
413 3522 662 3593 inductionum
686 3535 871 3606 natttram,
897 3521 987 3594 siin
1010 3523 1117 3616 syllo·
1168 3525 1281 3611 mitti,
1318 3525 1456 3616 publica
1480 3549 1579 3595 sacra
1603 3537 1639 3605 ,et
1662 3521 1849 3594 Romanos
1873 3527 1958 3594 deos
1985 3525 2092 3592 etiam
2120 3525 2159 3593 in

124 3624 232 3717 gismi
255 3627 411 3696 formam
434 3625 602 3718 coegeris.
652 3623 728 3694 lam
743 3639 779 3697 et
794 3624 1011 3698 inductionis
1025 3625 1117 3694 duae
1167 3652 1254 3720 pace
1278 3628 1392 3698 deseri
1418 3625 1559 3718 placet?
1610 3625 1780 3698 Formam
1807 3623 1912 3700 buius
1937 3626 2075 3717 generis
2094 3650 2159 3718 per

124 3740 211 3798 sunt
234 3741 373 3800 tantum
404 3741 543 3822 partes,
576 3731 806 3811 antecedens,
840 3730 939 3824 quod
961 3728 1117 3818 singula·
1168 3755 1242 3800 sese
1266 3729 1563 3819 simplicissimam
1582 3729 1700 3798 licebit
1714 3725 1903 3798 rhetoricis
1920 3725 2158 3800 schematibus

125 3831 221 3902 rium
244 3831 515 3902 coacervatione
536 3842 696 3915 constat,
722 3844 1010 3925 etconscquens,
1038 3829 1118 3899 uni·
1169 3855 1356 3902 exornare.
1408 3832 1505 3925 Quid
1531 3831 1625 3904 euim
1651 3831 1846 3922 simplicius
1861 3831 1975 3918 dieas,
2001 3833 2159 3926 eoquod

124 3933 281 4022 versele,
312 3934 497 4005 collectum
522 3957 541 4006 e
563 3934 813 4025 singularibus.
878 3935 927 4006 At
947 3935 986 4006 in
1009 3933 1117 4026 syllo·
1169 3937 1264 4027 apud
1281 3947 1423 4025 poetam
1444 3931 1518 4005 est?

122 4038 241 4128 gismo
267 4050 339 4107 tres
362 4049 482 4128 partes
504 4049 606 4123 seint,
638 4037 774 4122 maior,
808 4036 950 4119 minor,
984 4048 1019 4106 et
1044 4059 1117 4106 me·
1219 4037 1427 4106 aaronita
1445 4049 1581 4125 satum,
1607 4063 1679 4132 quo
1702 4051 1735 4107 te
1751 4037 1933 4124 mentiris,
1958 4032 2109 4118 Achille,

123 4139 240 4208 dium.
309 4137 408 4229 Ergo
436 4141 528 4209 sicut
551 4134 809 4232 enthymemati
830 4161 914 4229 pars
938 4139 1115 4234 quaedam
1219 4137 1319 4208 Talis
1335 4139 1375 4228 in
1393 4135 1494 4208 hoste
1504 4142 1577 4222 ¹fuit
1589 4141 1736 4211 Priamo
1746 4135 1806 4234 ω)

122 4239 324 4334 syllogismi
354 4243 469 4324 deest,
505 4239 554 4310 ita
582 4255 617 4310 et
637 4241 852 4314 inductioni.
912 4238 951 4311 ln
976 4262 1116 4310 coacer-
1167 4241 1384 4312 Observabit
1406 4243 1585 4312 studiosus
1608 4244 1719 4311 lector
1745 4240 1782 4307 in
1810 4237 2006 4332 poetis”)‚
2040 4251 2159 4307 orato-

124 4341 255 4414 vendis
292 4342 533 4434 singularibus
571 4345 827 4436 praestandum
868 4354 938 4429 est,
978 4355 1017 4412 ut
1056 4354 1118 4412 aut
1168 4345 1287 4431 ribus,
1316 4334 1514 4431 historicis,
1547 4370 1652 4438 quam
1686 4343 1757 4412 late
1787 4354 1909 4433 pateat
1936 4337 2025 4410 haec
2055 4365 2159 4434 argu-

124 4445 248 4516 omnia
282 4459 605 4531 connumerentur,
638 4459 700 4518 aut
732 4445 911 4516 diversum
944 4445 1115 4539 quiddam
1169 4445 1353 4515 mentandi
1375 4447 1480 4516 ratio.
1525 4445 1572 4515 Et
1595 4448 1837 4538 exeutplnrum
1858 4443 2004 4541 quidam
2024 4441 2160 4535 praeci-

121 4573 203 4620 non
233 4562 424 4642 appareat,
453 4562 493 4620 ut
513 4549 543 4620 si
563 4549 611 4620 sic
636 4547 913 4640 argumenteris:
946 4545 1118 4638 Virgilius
1169 4573 1260 4641 puus
1291 4561 1343 4620 est
1370 4549 1408 4616 in
1433 4549 1752 4620 consultationibus
1774 4571 1875 4633 usus,
1907 4546 1968 4615 ubi
1991 4559 2159 4615 eventum

122 4666 179 4724 est
206 4653 325 4736 albus,
358 4649 482 4724 Cicero
506 4663 558 4722 est
580 4653 699 4734 albus,
726 4653 845 4744 inepte
868 4663 1120 4745 consequetur,
1169 4663 1313 4722 nostrae
1329 4675 1472 4721 caussae
1486 4652 1746 4744 praesumimus
1764 4671 1807 4718 ex
1822 4647 1885 4736 iis,
1911 4672 2004 4742 quae
2021 4647 2065 4714 ab
2082 4645 2161 4718 aliis

123 4779 272 4826 omnem
298 4751 483 4826 hominem
509 4779 582 4825 esse
602 4758 742 4840 album,
769 4753 914 4849 quando
937 4753 1117 4824 diversum
1171 4755 1295 4824 eodem
1315 4754 1425 4822 ferme
1444 4747 1593 4824 consilio
1610 4767 1705 4845 gesta
1724 4763 1823 4836 sunt,
1848 4763 1889 4820 ut
1904 4753 1998 4842 apud
2015 4747 2159 4818 Livium

122 4843 282 4952 apparet
300 4857 339 4928 iu
360 4851 609 4949 Aethiopibus.
660 4855 739 4926 Hoc
762 4854 1036 4946 argumentandi
1061 4880 1119 4946 ge·
1171 4857 1330 4950 Scipioni
1353 4855 1535 4926 Hannibal
1560 4857 1628 4926 ait:
1670 4854 1779 4947 Quod
1805 4865 1843 4922 tu
1867 4876 2037 4936 nunces,
2064 4851 2159 4920 idem

120 4985 214 5031 nere
247 4983 356 5030 nemo
386 4960 607 5054 frequentius
633 4959 779 5030 Socrate
810 4958 905 5048 apud
928 4959 1119 5028 Platonem
1171 4985 1237 5052 ego
1261 4983 1358 5028 eram
1380 4959 1425 5027 ad
1448 4957 1639 5046 Trebiam,
1665 4944 1976 5048 Thrasymennus,
2005 4952 2159 5024 Cannas.

121 5087 213 5135 usus
239 5073 309 5148 est,
335 5066 461 5149 credo,
488 5063 583 5156 quod
609 5061 753 5131 videbat
769 5055 932 5153 prusim'e
954 5061 999 5128 ad
1016 5073 1120 5129 natu·
1170 5059 1244 5130 lam
1263 5061 1307 5130 ad
1324 5062 1567 5152 exemplorum
1585 5061 1763 5129 rationem
1777 5057 1958 5150 pertinent
1970 5069 2159 5154 poetarum

120 5167 242 5236 ralem
259 5181 405 5234 sensum·
417 5167 609 5258 quadrare.
657 5163 825 5233 Pluribtn
839 5161 1027 5232 artificium
1045 5161 1121 5232 eius

1174 5239 1240 5248 -..-

122 5337 336 5358 ··“·““““’“·”
1205 5326 1253 5391 68)
1274 5331 1373 5376 nuttot.
1394 5337 1494 5388 marga
1521 5326 1663 5376 alstannus
1682 5327 1843 5388 exemptum.

160 5433 213 5494 sat
232 5435 335 5486 surse
354 5443 462 5496 aare:
487 5382 629 5494 uermes
647 5427 960 5480 convertendarum
979 5441 1039 5480 cun
1056 5429 1121 5494 ryt-
1206 5411 1254 5478 ⁶⁹)
1275 5411 1375 5474 Vtrsss·
1396 5411 1633 5476 tentanum.

199 5501 326 5565 tomento.
1209 5497 1258 5563 ⁷⁰)
1276 5499 1374 5546 annot.
1393 5507 1498 5560 eeacgr
1521 5495 1681 5546 tttsstuttte.
