4920 5956
109 261 195 342 aa
746 255 1516 337 mumxufflnmxurvuxua-ssc
2068 257 2147 340 art

113 439 257 530 xagiuta
279 437 440 532 quinque
460 436 556 520 dies,
576 436 876 530 etquodnam
890 431 986 519 lere,
1014 432 1106 502 divi-
1154 431 1305 518 sabatur
1322 442 1445 507 'mus
1461 423 1789 522 'magnnsmmnda
1797 429 1864 529 11),
1898 427 1968 502 lroc
1982 446 2055 521 cst,
2081 436 2149 506 cat

116 540 299 614 serunt-in
318 533 509 609 duodecim
535 551 686 628 partes,
707 563 798 634 quas
816 537 983 609 similiter
1005 557 1106 605 meu
1158 532 1350 616 nicularis,
1375 544 1566 642 propterea
1591 535 1859 627 quodinitiuln
1874 532 2150 608 illiussume'bd*

116 668 170 716 ses
196 649 392 725 ruerant,
422 661 499 710 non
528 636 654 710 belsica
677 653 805 710 ‘tamen
823 641 967 710 ratione
986 659 1106 722 novae
1158 648 1336 719 turture,
1362 636 1995 730 cumortusSirii,·et·prinsus¹dics
2018 633 2151 714 mensis

110 743 255 817 Lunae.
308 743 400 815 ilco
409 762 509 812 mmo
528 741 648 812 antaei
671 742 728 814 usi
751 751 836 814 sunt
855 737 1045 836 ¹Aegyptii,
1072 752 1108 808 et
1157 731 1256 810 aula
1286 739 1542 828 congruebaut.
1609 737 1740 810 Scribit
1770 753 1889 821 autem
1918 739 2152 828 Censorinus,

117 850 265 924 Perseos
318 860 353 917 et
385 859 509 938 postea
544 845 584 918 C.
609 843 720 917 lulius
746 845 878 917 Caesar
904 843 1107 914 imitatione
1160 840 1294 910 Quem
1317 853 1437 910 ortum
1462 863 1536 923 esse
1560 839 1744 934 Aegyptiis
1767 843 2019 915 vicesimodie
2037 843 2153 940 Quin-

115 950 409 1045 Aegyptiortuu,
435 971 539 1038 suu&
569 973 722 1043 quoquc,
739 949 945 1036 aunum3ad
968 959 1107 1016 motum

117 1053 210 1126 Solis
223 1051 390 1152 instituit.
431 1140 435 1150 .
465 1149 471 1161 Ι
584 1113 617 1125 ,.

218 1244 363 1322 sedhic
380 1249 528 1343 prodest
545 1249 735 1320 observare
752 1247 965 1320 discrimen:
992 1249 1110 1340 Aegy·

117 1355 185 1450 ptii
199 1344 389 1426 duodecim
406 1377 545 1423 menses
559 1345 759 1422 efficiebant
771 1375 814 1420 ex
828 1351 953 1421 diebus
969 1372 1111 1441 semper

119 1457 287 1550 triginta,
314 1453 376 1550 qui
391 1453 580 1526 duodecies
595 1453 753 1537 collecti,
779 1453 1002 1525 constituunt
1014 1477 1111 1523 sum-

119 1585 217 1630 mam
242 1561 382 1628 dierum
409 1570 652 1654 trecentorum
681 1557 877 1650 sexaginta.
935 1555 1111 1650 Reliquos

120 1661 281 1760 quinque
297 1660 377 1731 ‘dies
399 1658 591 1760 quotannis
608 1659 672 1728 fiui
690 1659 808 1730 ultimi
825 1654 976 1742 mensis,
989 1664 1109 1752 'quem

114 1762 230 1860 χοιάκ
249 1757 459 1846 nominant,
487 1763 742 1846 annectebant,
773 1773 813 1832 ut
830 1784 945 1830 annus
961 1759 1112 1856 quilibet

120 1857 278 1960 expleret
302 1877 477 1937 trecentos
499 1867 681 1964 sexaginta
703 1863 868 1960 quinque'
887 1863 973 1934 dies.
1042 1861 1112 1931 Sed

121 1973 357 2064 quadrantem
385 1967 476 2052 diei,
516 1969 579 2063 qui
604 1967 764 2040 abundat
787 1985 894 2057 supra
921 1965 995 2036 dies
1020 1963 1112 2047 illos,

120 2067 268 2165 prorsus
285 2065 523 2162 negligebant,
542 2095 658 2165 neque
674 2071 784 2141 ullam
802 2067 1111 2138 intercalationem

121 2174 231 2243 aliam
258 2175 506 2245 admittebant.
560 2173 656 2268 ,Quo
678 2172 805 2255 fiebat,
840 2184 880 2241 ut
904 2171 1012 2262 primi
1036 2168 1114 2239 dies

121 2277 300 2346 mensium
318 2290 414 2344 retro
436 2277 687 2359 ascenderent,
712 2271 779 2344 hac
801 2275 898 2365 lege,
926 2285 965 2345 ut
985 2271 1112 2367 quinto

121 2403 268 2474 quoque
296 2398 393 2447 anno
425 2379 563 2471 primus
587 2377 662 2448 dies
689 2375 796 2470 primi
823 2375 973 2459 mensis,
1007 2399 1114 2469 quem

120 2481 291 2574 Aegyptii
304 2479 399 2554 aaa
414 2481 655 2573 appellabant,
675 2481 713 2548 in
728 2481 999 2570 praecedentem
1020 2477 1113 2546 diem

121 2585 414 2676 transmigraret,
450 2584 549 2677 quod
578 2584 658 2652 lieri
689 2605 830 2652 necesse
864 2591 942 2650 erat
967 2592 1116 2671 propter

122 2689 297 2758 omissum
327 2685 424 2756 diem
456 2684 727 2770 intercalarem,
768 2709 810 2754 ex
840 2693 997 2777 quatuor
1028 2707 1115 2778 qua·

121 2791 313 2860 drautibus
336 2787 535 2860 collectum.
587 2784 717 2858 Scribit
739 2799 858 2857 autem
879 2785 1115 2856 Censorinus:

122 2898 232 2964 Auno
267 2891 366 2962 urbis
401 2891 695 2982 octingentesimo
725 2887 958 2979 nonagesimo
984 2885 1117 2979 primo,

123 2996 187 3090 qui
212 2995 319 3064 luerit
342 3017 458 3063 anxius
479 2995 653 3066 secundus
679 2991 905 3085 Olympiadis
928 2989 1116 3060 vicesimae

121 3121 245 3166 nonae
268 3119 375 3188 supra
401 3097 701 3178 ducentesimam,
726 3095 883 3187 primum
908 3093 1002 3161 diem
1019 3111 1118 3162 men·

122 3201 170 3272 sis
202 3196 300 3271 acta
332 3193 556 3290 respondisse
591 3199 760 3269 vicesimo
787 3196 859 3266 diei
885 3194 999 3264 nostri
1023 3191 1117 3264 lulii.

122 3304 265 3373 Rursus
285 3314 367 3392 post
393 3325 507 3372 annos
532 3313 693 3384 centum,
720 3296 879 3379 horest,
905 3320 1001 3364 armo
1018 3297 1118 3368 urbis

123 3404 399 3496 nongentesimo
424 3403 656 3495 nonagesimo
680 3403 820 3494 primo,
847 3399 907 3493 qui
930 3399 1038 3468 suerit
1055 3423 1118 3468 an-

125 3531 194 3578 nus
215 3506 391 3578 secundus
405 3505 631 3598 Olympiadis
654 3505 916 3575 ducentesimae
941 3502 1119 3596 quinqua-

126 3610 282 3701 gesimae
304 3619 474 3702 quartae,
510 3611 662 3679 eundem
686 3607 843 3699 primum
867 3605 961 3674 diem
986 3604 1119 3676 mensis

125 3708 224 3784 θιόθ
253 3711 456 3801 congruisse
490 3735 569 3780 cum
601 3709 770 3780 vicesimo
793 3711 921 3804 quinto
943 3707 1001 3776 die
1024 3702 1118 3777 lunii

125 3813 255 3884 nostri.
313 3811 564 3903 Reciprocavit
597 3813 706 3906 igitur
739 3811 809 3882 illis
838 3823 979 3880 centnm
1014 3811 1118 3882 aunis

125 3916 267 4008 primus
287 3914 362 3986 dies
375 3915 507 3986 mensis
523 3913 619 3988 θώθ
633 3938 699 4006 per
714 3914 841 4006 viginti
856 3914 1016 4007 quinque
1031 3913 1118 3998 dies,

125 4043 147 4088 a
183 4017 351 4087 vicesimo
386 4014 467 4087 lulii
501 4018 539 4086 in
569 4018 777 4088 vicesimum
813 4016 979 4110 quintum
1013 4013 1118 4087 lunii.

125 4119 323 4192 &adnant
338 4132 456 4190 autem
473 4133 616 4191 centum
630 4120 718 4190 anni
727 4120 874 4189 totidem
885 4118 1118 4211 Olympiades

124 4249 189 4296 seu
218 4224 350 4305 lustra,
387 4221 477 4316 q'uot
507 4236 590 4294 suut
620 4223 695 4294 dies
714 4223 809 4292 illius
840 4222 1118 4313 anticipationis.

124 4325 224 4416 Ergo
245 4321 393 4415 singulis
407 4325 703 4418 Olympiadibus,
729 4324 831 4394 initia
856 4327 1033 4395 mensium
1050 4329 1118 4396 Ae·

125 4428 333 4523 gyptiorum
359 4441 545 4498 transcunt
568 4429 606 4495 in
628 4427 831 4521 proximum
857 4429 953 4498 diem
975 4451 1118 4519 praece-

125 4535 270 4600 dentem
293 4530 424 4603 mensis
445 4529 586 4603 luliani.
654 4530 708 4600 Ex
732 4531 861 4625 quibus
889 4530 1116 4604 manifestum

126 4646 198 4720 cst,
241 4633 401 4724 primum
441 4633 536 4701 diem
571 4633 704 4704 mensis
737 4626 850 4716 scia,
890 4644 927 4701 et
961 4645 1118 4705 caeteros

126 4759 253 4808 omnes
284 4737 379 4826 apud
403 4735 618 4828 Aegyptios,
651 4735 816 4806 similiter
831 4747 886 4805 ,ut
908 4737 1003 4827 apud
1028 4736 1118 4807 Ara-

125 4840 207 4922 bes,
241 4839 309 4908 sed·
333 4839 446 4908 multo
470 4839 633 4929 longiore
659 4839 870 4922 intervallo,
904 4863 970 4931 per
993 4861 1118 4910 omues

125 4943 203 5011 dics
229 4953 265 5010 et
288 4960 426 5012 menses
448 4942 558 5011 totius
579 4942 667 5009 anni
690 4939 819 5010 luliani
843 4942 966 5032 vagari
991 4942 1118 5027 solere,

126 5043 233 5114 annis
261 5043 427 5112 videlicet
457 5057 585 5137 quater
612 5044 778 5114 trecentis
810 5045 989 5134 sexaginta
1013 5045 1118 5139 quin·

127 5171 216 5240 que,
258 5141 327 5214 hoc
361 5159 431 5227 est,
475 5144 597 5229 1460,
631 5169 704 5238 quo
739 5160 901 5238 tempore
933 5147 1119 5239 Aegyptiis

127 5247 264 5317 accedit
302 5247 395 5318 unus
430 5271 545 5318 annus
585 5248 751 5319 collectus
794 5273 836 5317 ex
871 5249 1010 5320 omissis
1043 5245 1119 5320 565

127 5351 385 5443 Olympiadum
425 5349 548 5420 diebus
591 5349 875 5421 intercalaribus.
959 5351 1007 5419 Et
1049 5348 1119 5420 hoc

125 5465 268 5544 tempus
292 5452 536 5544 complectens
563 5475 676 5524 anuos
705 5451 901 5546 Aegyptios
927 5451 1023 5528 1461
1054 5479 1131 5546 vo-¹

1161 944 1255 1027 tilis,
1277 943 1345 1013 etsi
1361 942 1501 1014 Plinius
1522 943 1618 1014 dicat
1633 943 1840 1039 aliquoties,
1866 945 2153 1042 24diebuspcst

1159 1045 1372 1130 solstitium,
1398 1044 1506 1117 Canis
1521 1059 1685 1119 exortum
1700 1048 1791 1118 lieri.

1264 1180 1333 1252 Sed
1363 1181 1493 1268 lulius,
1526 1197 1567 1254 ut
1592 1179 1687 1254 hanc
1708 1185 1938 1277 vagationem
1962 1187 2153 1272 mensium,

1163 1284 1359 1356 errantium
1387 1309 1453 1378 per
1481 1309 1604 1357 omnes
1631 1289 1718 1356 anni
1740 1299 1879 1380 partes,
1913 1289 2084 1373 evitaret,
2118 1301 2154 1359 et

1161 1389 1249 1460 fixos
1279 1379 1420 1459 meuses
1439 1386 1512 1460 suis
1537 1389 1672 1461 civibus
1692 1405 1842 1486 propter
1865 1392 2037 1463 festorum
2065 1388 2154 1464 ccle-

1162 1489 1364 1560 brationem
1380 1506 1620 1584 proponeret,
1648 1517 1801 1587 quorum
1819 1496 1995 1587 quaedam
2012 1500 2154 1567 necesse

1163 1606 1240 1664 erat
1255 1593 1455 1678 celebrare,
1477 1606 1539 1663 aut
1554 1593 1765 1666 florentibus
1779 1597 1956 1686 segetibus
1974 1609 2010 1667 et
2029 1596 2155 1693 vineis,

1164 1707 1225 1766 aut
1239 1695 1402 1788 proxime
1416 1707 1499 1765 aute
1518 1722 1690 1783 messem,
1717 1710 1780 1768 aut
1795 1711 1877 1791 post
1896 1695 2066 1785 messem,
2093 1712 2156 1778 aut

1164 1808 1246 1867 ante
1267 1811 1302 1867 et
1327 1809 1410 1890 post
1426 1797 1666 1885 vindemiam,
1692 1801 1766 1873 dies
1781 1813 1957 1874 trecentos
1973 1800 2155 1894 sexaginta

1164 1899 1324 1998 quinque
1347 1902 1385 1968 in
1406 1901 1595 1994 duodecim
1621 1928 1759 1974 menses
1782 1903 2021 1998 inaequaliter
2037 1902 2157 1976 distri·

1163 2001 1260 2085 buit,
1286 2015 1326 2071 ut
1348 2015 1424 2073 tum
1449 2029 1633 2076 sacrorum
1657 2007 1751 2078 ratio
1775 2007 1937 2098 permisit
1957 2021 2019 2078 aut
2034 2019 2158 2100 postu-

1164 2099 1266 2189 lavit,
1289 2117 1326 2172 et
1344 2107 1539 2192 coustituit,
1566 2121 1605 2178 ut
1620 2132 1687 2201 pro
1705 2112 1905 2204 quadrante
1920 2111 2004 2193 diei,
2029 2109 2166 2204 q'uinto'

1166 2229 1309 2302 quoque
1338 2229 1434 2278 anno
1466 2211 1541 2282 dies
1570 2235 1663 2282 unus
1692 2208 1893 2282 Februario
1928 2206 2157 2297 insereretur,

1166 2330 1259 2406 quae
1280 2309 1375 2381 ratio
1401 2311 1437 2380 id
1460 2313 1659 2404 praestitit,
1683 2326 1724 2384 ut
1745 2316 1790 2384 ad
1812 2309 1909 2383 hamc
1929 2338 2041 2410 usque
2061 2313 2156 2386 diem

1167 2412 1335 2497 eosdem,
1374 2413 1438 2507 qui
1470 2426 1556 2485 tunc
1586 2415 1753 2499 luerunt,
1789 2414 1986 2488 babeamus
2020 2440 2158 2488 menses

1167 2536 1316 2596 vernos,
1343 2515 1516 2601 aestivos,
1544 2519 1788 2604 autumnales,
1821 2531 1857 2588 et
1878 2514 2079 2613 hybernos,
2106 2543 2159 2604 ac,

1168 2617 1266 2712 quod
1282 2613 1361 2707 plus
1375 2631 1448 2702 est,
1470 2622 1576 2688 etiam
1596 2619 1875 2716 aequinoctiales
1892 2635 1927 2691 et
1944 2619 2159 2706 solstitiales,

1168 2740 1259 2816 quae
1277 2741 1361 2789 sane
1375 2745 1506 2814 magna
1529 2735 1581 2794 cst
1594 2724 1842 2794 commoditas.

1268 2851 1371 2924 Aliae
1386 2871 1514 2952 ¹gentes
1534 2859 1642 2930 simul
1661 2872 1696 2930 et
1709 2857 1835 2931 Lunae
1851 2873 1990 2946 motus,
2017 2873 2051 2930 et
2066 2859 2160 2934 Solis

1168 2955 1207 3027 in
1224 2955 1381 3031 Zodiaco
1403 2961 1582 3042 rationem
1608 2959 1891 3051 habuerunt10),
1918 2976 1953 3032 et
1974 2988 2059 3034 usae
2076 2976 2161 3058 sunt

1169 3057 1352 3130 mensibus
1380 3062 1566 3136 lunaribus
1595 3067 1805 3151 duodecim,
1844 3066 1939 3136 cavis
1970 3079 2005 3136 ct
2033 3067 2161 3168 pleqis,

1169 3175 1210 3231 ut
1241 3163 1285 3230 de
1318 3161 1497 3236 Arabibus
1529 3169 1663 3240 dictum
1700 3182 1769 3255 est,
1809 3169 1993 3262 inaequali
2020 3169 2160 3242 dierum

1169 3286 1343 3348 numero,
1375 3289 1418 3335 ex
1448 3269 1577 3364 quibus
1607 3295 1687 3342 cum
1718 3283 1858 3340 tantum
1884 3272 2034 3341 trecenti
2057 3273 2161 3366 quin·

1171 3365 1340 3460 quaginta
1372 3383 1529 3462 quatuor
1556 3371 1632 3444 dies
1664 3373 1936 3464 colligerentur,
1969 3385 2009 3443 ut
2039 3385 2160 3447 tamen

1171 3468 1386 3538 curriculum
1419 3471 1511 3544 Solis
1540 3497 1699 3550 annuum
1730 3475 1954 3568 expleretur,
1993 3477 2160 3561 undecim

1170 3571 1245 3642 dies
1267 3573 1466 3644 necessario
1490 3577 1726 3662 addiderunt,
1760 3602 1850 3672 quos
1874 3575 2030 3668 Epactas
2057 3602 2162 3651 voca·

1170 3685 1275 3756 runt,
1300 3687 1336 3743 et
1356 3692 1586 3750 reservarunt
1609 3695 1684 3750 tam
1708 3680 1790 3766 diu,
1816 3681 1930 3750 donec
1952 3705 1995 3750 ex
2010 3680 2053 3752 iis
2067 3705 2161 3753 uuus
2283 3735 2286 3742 .

1170 3775 1302 3847 mensis
1334 3779 1630 3868 constitueretur,
1670 3807 1777 3876 quem
1813 3795 1936 3874 postea
1970 3783 2035 3852 fini
2066 3785 2162 3854 illius

1171 3877 1258 3948 anni
1280 3879 1504 3970 inserebant,
1538 3885 1600 3980 qui
1621 3897 1770 3979 propter
1796 3886 1959 3956 additum
1982 3886 2161 3984 decimum

1171 3981 1316 4076 tertium
1339 4007 1517 4070 mensem,
1544 3989 1751 4076 continebat
1772 3989 1846 4059 dies
1867 4001 2162 4075 trecentosocto-

1170 4083 1268 4174 ginta
1293 4099 1471 4180 quatuor,
1503 4101 1539 4160 et
1559 4092 1756 4166 vocabatur
1778 4089 2040 4184 ἐμβολιμαῖος,
2071 4092 2161 4162 sicut

1170 4187 1246 4281 ipse
1260 4189 1392 4262 mensis
1409 4189 1610 4288 ἐμβόλιμος
1626 4192 1886 4286 appellabatur.
1938 4189 2006 4288 liic
2028 4193 2161 4281 mensis

1169 4291 1324 4362 insertus
1340 4293 1532 4378 efficiebat,
1553 4307 1594 4366 ut
1609 4293 1753 4364 initium
1771 4294 1880 4389 primi
1896 4295 2161 4394 meusis'denuo
2212 4311 2218 4319 ·
2252 4327 2258 4338 ·
2295 4387 2298 4394 Ι

1171 4408 1383 4483 congrueret
1406 4419 1485 4468 cum
1509 4422 1574 4468 suo
1597 4398 1773 4482 termino,
1806 4391 1876 4466 hoc
1899 4411 1969 4482 est,
2002 4423 2080 4471 cum
2103 4423 2163 4492 ae·

1170 4494 1354 4590 quinoctio
1370 4499 1426 4570 vel
1440 4499 1613 4584 solstitio,
1640 4525 1659 4570 a
1676 4512 1912 4595 quopropter
1935 4501 2086 4596 omissos
2107 4513 2164 4580 ter

1171 4599 1335 4694 undecim
1368 4601 1472 4684 dies,¹
1494 4602 1685 4675 transierat
1707 4603 1923 4695 principium
1948 4603 2079 4680 mensis
2104 4603 2162 4672 vel

1171 4700 1258 4772 anni
1278 4699 1317 4770 in
1342 4703 1410 4772 alia
1435 4716 1610 4798 tempora.

1272 4801 1341 4873 Sed
1360 4806 1443 4898 quia
1461 4807 1571 4875 etiam
1587 4807 1804 4901 quadrantes
1822 4805 1892 4877 diei
1903 4859 1917 4904 ,
1930 4802 1999 4875 hoc
2016 4818 2085 4895 est,
2100 4831 2161 4878 sex

1171 4899 1301 4989 borae,
1325 4931 1415 5001 quas
1438 4909 1492 4980 sol
1517 4910 1684 4995 trecentis
1708 4909 1893 5001 sexaginta
1910 4909 2069 5004 quinque
2086 4911 2160 4979 die-

1172 5078 1377 5094 m

1205 5174 1254 5236 rr)
1270 5175 1432 5226 nolanum
1455 5174 1484 5226 tn
1503 5149 1636 5233 saonae
1660 5175 1787 5240 asnaa
1804 5173 1942 5226 nattam
1961 5177 1983 5228 r.
2001 5175 2028 5230 a.
2041 5176 2061 5227 ι.
2079 5171 2162 5226 mar

1238 5245 1353 5308 propria
1370 5244 1398 5294 iu
1416 5245 1541 5310 margine
1558 5245 1728 5309 adserlpslt:
1751 5241 1865 5296 κυνικόν
1883 5241 1954 5302 ἔτος.

1206 5346 1252 5403 18)
1272 5348 1305 5397 u.
1321 5346 1340 5396 1.
1358 5345 1387 5397 tn
1410 5347 1537 5412 margins
1564 5347 1658 5400 addite
1681 5349 1727 5398 est
1749 5347 1907 5400 annotato:
1936 5348 2034 5397 Annus
2056 5344 2159 5396 nutus

1239 5427 1274 5465 or
1291 5415 1361 5468 sotts
1379 5418 1408 5467 et
1423 5418 1507 5473 tunes
1522 5418 1661 5486 meatu,
1690 5417 1817 5482 essert·
1829 5419 1895 5470 sust
1913 5415 2030 5480 umet,
2058 5413 2161 5468 mccl

1239 5488 1268 5534 et
1285 5486 1402 5538 noum!
1419 5489 1484 5540 autc
1501 5487 1608 5540 lullum.
1984 5507 1988 5521 ·
2022 5505 2039 5534 .-
