4920 5956
342 194 419 281 its

390 366 505 450 Cave,
539 390 584 435 ne
608 364 697 436 alias
718 365 853 457 species
877 369 1110 450 adnumeros;
1136 369 1331 444 relationes

367 491 368 495 ’
440 469 536 540 enim
555 469 640 540 sunt
655 466 797 554 Motus,
823 469 1003 563 Tempus,
1026 470 1166 558 Locus,
1189 473 1330 554 Oratio.

512 708 517 723 ,
612 639 897 734 Qualitatum
933 643 1058 712 ordo.
1094 693 1100 726 ,

374 843 378 854 Ι
439 757 614 854 Reliquae
637 783 759 851 rerum
781 761 938 846 formae,
972 747 1064 856 qua'e
1081 785 1115 858 ,³⁴
1132 763 1331 856 quantitate
1399 827 1405 840 ,

337 885 413 953 non
439 857 816 954 comprehenduntur,
851 864 1042 960 qualitates
1056 877 1152 935 sunt.
1198 865 1330 956 Magna

338 965 483 1060 quidem
508 989 591 1058 pars
615 963 829 1057 qualitatum
854 968 1090 1038 instrumenta
1114 981 1219 1058 sunt,
1253 968 1331 1063 qui·

337 1069 405 1140 bus
434 1079 586 1138 utuntur
616 1069 654 1138 in
685 1070 823 1160 agendo
849 1072 1076 1163 operandove
1100 1071 1332 1153 substantiae,

337 1194 455 1266 neque
478 1170 592 1242 ullum
618 1194 738 1242 rernm
763 1172 926 1242 ordinem
950 1186 1023 1242 tam
1041 1175 1151 1248 refert
1170 1174 1331 1266 expedite
1404 1242 1413 1258 ‚

337 1286 473 1358 tenere,
500 1289 607 1367 quam
624 1269 738 1358 hunc,
763 1299 906 1366 nempe,
934 1277 996 1373 qui
1010 1276 1181 1348 latissime
1199 1287 1331 1368 pateat.

336 1373 445 1448 Nulla
462 1388 514 1447 est
529 1375 623 1445 enim
640 1379 851 1467 substantia,
878 1403 985 1474 quam
1002 1403 1077 1452 non
1097 1381 1231 1449 multae
1245 1403 1332 1474 qua-

337 1477 456 1548 litates
486 1492 670 1550 exornent.
729 1477 803 1551 lam
833 1506 875 1552 ex
900 1478 968 1552 hoe
994 1484 1072 1551 loco
1098 1495 1132 1552 et
1155 1477 1332 1553 Rhetores

337 1581 511 1652 lormulas
540 1581 686 1652 laudum
721 1608 762 1652 ac
794 1584 1121 1676 vituperationum,
1166 1585 1348 1658 consilio·⁴

339 1705 493 1780 rumque
519 1685 708 1756 materiam
733 1700 881 1780 petunt;
920 1683 1004 1758 hinc
1027 1690 1122 1761 enim
1152 1689 1332 1758 finitiones

337 1786 513 1860 virtutum
537 1811 578 1856 ac
601 1788 771 1859 vitiorum
797 1791 1014 1882 colliguntur
1031 1791 1146 1860 multo
1162 1792 1332 1862 certiores

258 1965 262 1972 ,
340 1889 567 1984 aptioresque
584 1891 644 1976 iis,
672 1917 760 1988 quas
775 1894 1025 1984 praescribunt
1041 1889 1231 1966 Rhetores.

442 2009 675 2078 Differentiae
717 2011 952 2104 qualitatum,
993 2013 1140 2106 quando
1174 2010 1332 2106 propriis

339 2111 519 2203 designari
535 2113 742 2183 nominibus
757 2139 831 2182 non
847 2127 1015 2204 possunt,
1043 2116 1332 2186 commodissime

338 2237 404 2306 per
418 2215 575 2285 subiecta
595 2230 657 2286 aut
670 2216 785 2285 officia
802 2217 1050 2308 signabuntur.

697 2387 1006 2480 Qualitateo.'

388 2501 1188 2630 ansam
1247 2559 1254 2568 ·

389 2658 592 2744 Intellectus
1025 2658 1034 2758 Ι

388 2762 610 2848 Prudentis,
631 2765 802 2842 tuentia
899 2756 902 2765 ’
950 2739 1117 2853 Αίῖεειυε,Ι

816 2863 1249 2989 “wast

1128 3019 1267 3091 Vitium

689 3145 692 3154 ·
801 3121 939 3197 lustitia
1129 3122 1318 3194 iniustitia.

438 3231 515 3312 llis'
544 3243 740 3344 adqqrpera
773 3220 819 3312 'et
845 3241 942 3330 ,alias
977 3243 1145 3327 virtutes,
1186 3241 1329 3335 aliaque

336 3341 436 3414 vitia.
551 3406 555 3418 ,
626 3373 631 3417 ;

756 2995 760 3002 ,
802 2915 928 3008 Bonus

802 3022 925 3093 Virtus

554 3497 820 3594 Qualitates
855 3503 1110 3590 corporum.

388 3617 490 3748 Quae
505 3621 584 3692 visu
600 3602 885 3714 percipiuntur.''
902 3582 1062 3700 (iolores,
1088 3617 1241 3713 Albedp,
1262 3615 1329 3688 Ni·

326 3718 330 3735 '
588 3721 603 3752 ⁸¹
633 3738 641 3754 ¹
875 3724 1015 3812 gredo,
1032 3716 1210 3791 Rubedo.'

797 3820 919 3893 'Soni
978 3843 982 3850 ·
1181 3849 1184 3857 ’

820 3925 974 3995 osores.

450 3849 492 3895 ae
515 3825 678 3907 auditu„

426 3940 492 3999 uae
513 3927 658 4011 ollactu,

387 4020 391 4037 ’
425 4047 491 4104 nae
515 4032 632 4122 gustu,
689 4062 693 4078 ·
818 4018 985 4119 Sapor'es'.
1051 4045 1057 4062 ·
1155 4035 1190 4058 ”“

333 4147 337 4157 ’
424 4144 490 4205 dae
514 4125 652 4220 tactrl,'
674 4124 879 4236 (iahilu),
905 4113 1329 4220 Frigus3'Sicenm,''llu-

324 4222 339 4258 ‘¹
440 4237 577 4308 midum
588 4293 598 4322 ,
610 4242 659 4308 'et
670 4247 769 4330 'quae
786 4232 830 4304 αι’
843 4232 897 4305 his
913 4233 1123 4304 nascuntur.

434 4433 451 4449 ·’
486 4444 529 4471 ·¹
568 4414 585 4454 ²·
620 4441 638 4465 ··
683 4405 951 4476 attularius.
1007 4428 1010 4439 ·

438 4527 570 4603 Graeci
590 4527 738 4595 nomina
760 4529 939 4620 quaedam
962 4538 1096 4596 rocam
1108 4523 1163 4592 -ad
1179 4524 1330 4619 aliquid,

337 4661 430 4736 quae
445 4631 560 4704 nostri
575 4631 687 4728 ferme
703 4629 852 4724 relativa
864 4629 1064 4726 ,appellastis
1102 4626 1195 4698 Sunt
1210 4639 1329 4696 autem

337 4738 531 4818 vocabula,
558 4757 649 4828 qnae
665 4755 743 4832 non
759 4746 830 4825 tarn
855 4746 930 4825 res,
956 4755 1064 4826 quam
1087 4742 1251 4800 mutuum
1276 4729 1330 4798 in·

337 4858 394 4914 ter
419 4866 457 4913 se
475 4837 648 4938 iopolipem
677 4820 1037 4925 reruni'sig'rrilicant.
1087 4832 1206 4933 Atque
1227 4835 1331 4914 adeo,

340 4922 604 5048 quibq'anter?
630 4962 667 5010 se
692 4961 749 5008 res
776 4937 929 5006 aliorum
957 4922 1330 5028 praedicamentorum

341 5031 598 5137 comparantur
615 5041 724 5112 variis
742 5040 880 5123 modis,
906 5040 1055 5130 agendi,
1081 5037 1261 5140 patiendi,
1285 5037 1331 5108 si-

339 5145 571 5229 militudinis,
597 5143 908 5228 dissimilitudinis,
935 5141 1170 5237 aequalitatis,
1198 5151 1261 5212 aut
1278 5140 1333 5209 in-

341 5248 579 5346 aequalitatis.
789 5247 796 5261 '
1180 5268 1186 5284 ¹

343 5389 552 5407 *¹-

380 5455 453 5514 ut)
471 5443 585 5516 celon]
612 5447 655 5498 sto
670 5447 750 5498 reots
764 5397 874 5508 llas
898 5385 1182 5508 silletensis,
1232 5406 1251 5483 i*

863 193 987 274 rlttt.
1014 193 1127 272 MEL.
1144 195 1359 272 scurrus
1383 195 1516 270 vatur
1540 199 1862 276 annotinum.

1714 373 1895 448 Primus
1926 375 2047 446 ordo.
2121 455 2134 484 .

2078 508 2160 581 Pati

1850 601 1853 606 ¹
1983 614 1987 622 ’
2042 609 2220 680 'Moveri

2076 712 2187 804 Gigni

1962 824 1966 843 ⁸
2003 833 2038 844 '·
2078 814 2192 886 Pilius

1540 917 1741 989 Calefaeere
1800 930 1818 955 ”
1852 909 1856 935 ²
2002 917 2240 988 ''AEalefieri

1536 1021 1688 1093 Afficene
1966 1031 1970 1036 '
2075 1020 2192 1092 Affici-

1487 1139 1551 1212 llis
1578 1144 1799 1224 adnumera,
1829 1159 2066 1236 quaecunque
2093 1139 2271 1210 actionem
2299 1161 2375 1232 pas-

1384 1263 1568 1314 sionemve
1600 1247 1762 1336 signant,
1807 1237 1938 1338 qulbus
1969 1235 2051 1312 enm
2081 1241 2375 1324 substantiarum,

1384 1357 1461 1417 tum
1486 1348 1700 1442 qualitatum
1724 1347 1950 1439 comparatio
1972 1357 2134 1421 constat·
2195 1371 2197 1376 ·

1538 507 1655 600 agere

1537 611 1687 682 Movere

1494 720 1507 731 ''
1539 713 1695 805 Gignere

1538 816 1648 886 Pater

1688 1517 1918 1588 Secundus
1946 1517 2072 1586 ordo.

1539 1645 1768 1740 Similitudo,
2077 1649 2353 1722 Dissimilitudo.

1486 1777 1605 1870 Atque
1637 1776 1674 1844 in
1705 1769 1760 1864 lais
1791 1773 1937 1867 proprie
1962 1785 2015 1843 est
2042 1771 2258 1867 qualitatum
2282 1793 2376 1840 com-
2441 1781 2442 1794 ¹

1385 1880 1539 1976 paratio.
1570 1921 1574 1928 ·
1975 1952 1979 1962 ⁴
2023 1953 2029 1962 ,

1707 1995 1898 2068 Tertius
1931 1997 2057 2066 ordo.

1536 2129 1746 2225 Aequalitas
2074 2125 2326 2221 inaequalitas.

1485 2250 1551 2321 ills
1568 2263 1826 2343 comparantur
1839 2250 2068 2346 quantitates.

1487 2371 1755 2464 Comparantur
1780 2373 1864 2440 item
1890 2368 2076 2439 continens
2099 2381 2134 2437 et
2157 2379 2376 2448 contentum,

1384 2499 1492 2570 quam
1517 2470 1823 2566 comparationem
1852 2473 1972 2542 locum
1995 2472 2158 2541 dicimus.
2180 2557 2184 2574 Ι
2223 2468 2377 2560 Compa-

1383 2590 1512 2647 rantur
1543 2589 1579 2646 et
1602 2577 1703 2669 prius
1726 2601 1766 2646 ac
1786 2576 1984 2669 posterius,
2024 2573 2122 2669 quod
2151 2585 2294 2663 tempus
2316 2595 2376 2638 vo-

1322 2724 1325 2732 1
1383 2693 1486 2764 eant,
1512 2703 1638 2764 mane,
1664 2704 1803 2774 vesper,
1828 2679 1922 2761 dies,
1951 2676 2093 2761 mensis,
2120 2699 2247 2746 annus.
2300 2673 2376 2742 Huc

1384 2781 1712 2873 el'magistratuum
1740 2782 1887 2851 nornine
1911 2769 2113 2874 pirtinent,
2139 2791 2180 2848 ut
2201 2775 2375 2855 Dictator,

1383 2881 1538 2970 Consul,
1564 2883 1737 2972 Senatus,
1764 2875 1911 2955 Civitas.

1483 2983 1524 3056 ln
1549 2983 1615 3059 hos
1639 3001 1794 3082 quatuor
1811 2987 1974 3069 ordines,
2002 2983 2123 3054 ournia
2143 2981 2305 3084 omnium
2323 3003 2376 3050 re-

1371 3083 1462 3158 ‘rum
1490 3089 1663 3160 vocabola
1686 3082 1829 3181 colliges
1839 3087 1907 3185 ¹¹⁸),
1940 3108 1982 3157 ex
2007 3087 2157 3182 quib'us,
2184 3081 2214 3155 si
2236 3085 2322 3180 qnid
2339 3083 2376 3151 fi-

1381 3191 1554 3262 niendum
1571 3192 1757 3275 inciderit,
1784 3203 1894 3284 petes.
1927 3189 2087 3262 Proinde
2102 3188 2281 3258 rationem
2299 3209 2377 3254 mo·

1382 3298 1518 3391 dosque
1533 3296 1736 3366 finitionum
1755 3295 1868 3365 latius
1878 3290 2148 3391 persequemur.

1465 3497 1468 3505 ·
1584 3466 1864 3539 Discrimina
1890 3459 2178 3536 linitionem.

1480 3593 1718 3677 'De'finitione
1735 3598 1894 3677 nominis
1908 3591 2016 3694 snpra
2042 3613 2160 3680 aetum
2186 3611 2258 3682 est,
2284 3621 2378 3692 quae

1382 3735 1462 3780 cum
1488 3707 1609 3801 potius
1633 3695 1849 3799 etymologia
1868 3703 2057 3798 quaepiam
2070 3693 2117 3800 1”)’
2141 3701 2375 3794 grammatica

1380 3815 1428 3884 sit
1449 3823 1581 3881 certam
1605 3809 1703 3878 vocis
1727 3805 2023 3900 significationem
2052 3803 2293 3886 constituens,
2320 3798 2378 3870 hic

1202 3898 1206 3946 :
1288 3968 1293 3980 ,
1380 3940 1445 4008 rep
1468 3913 1496 3982 ti
1512 3931 1587 3982 non
1605 3909 1721 3982 dehet.
1775 3909 1867 3980 Sunt
1883 3907 2002 3978 a'utem
2021 3903 2291 4001 praeterimus,
2321 3929 2378 3996 ge-

1381 4042 1467 4089 nera
1485 4013 1688 4088 finitionum
1708 4007 1878 4108 quatuor,
1895 4005 2078 4108 inquibus
2095 4007 2379 4100 omnibusprae-

1375 4123 1549 4222 standum
1569 4129 1640 4200 est,
1665 4128 1706 4186 ut
1725 4113 1841 4185 finitio
1860 4111 1932 4182 vtm
1956 4112 2049 4197 stis,
2076 4113 2174 4208 quod
2195 4108 2380 4191 definitur,

1291 4256 1296 4268 .
1381 4218 1528 4317 proprie
1545 4211 1589 4290 al'
1600 4215 1762 4310 adposite
1779 4213 1950 4312 explicet,
1973 4213 2055 4300 ita‘,
2067 4229 2111 4285 ut
2125 4239 2172 4284 ne
2187 4215 2276 4309 quid
2294 4211 2381 4282 alie·
2441 4285 2442 4314 ¹

1380 4347 1472 4396 num
1488 4326 1532 4393 ab
1551 4342 1607 4405 eo,
1628 4319 1725 4416 quod
1741 4319 1878 4404 linitur,
1900 4310 2131 4390 uexilli-sut
2144 4317 2242 4388 liniri
2258 4317 2382 4386 videa·
2441 4319 2442 4322 ’

1259 4444 1264 4459 ’
1382 4441 1460 4508 tur;
1478 4421 1627 4498 amussis
1642 4425 1736 4494 enim
1751 4419 2050 4517 proprietatis'est
2063 4421 2193 4493 linitio.
2217 4419 2380 4491 Proinde

1382 4525 1412 4606 ‘si
1429 4514 1574 4633 quidea
1591 4523 1777 4598 'admiserit
1794 4523 2054 4619 impropriam,
2083 4535 2162 4593 tota
2185 4525 2281 4593 ratio
2305 4523 2381 4592 dia-

1380 4633 1496 4707 lectici
1517 4623 1657 4701 artificii
1674 4623 2004 4725 ruet,'nt,'inepta
2021 4627 2184 4699 definitio
2200 4640 2271 4698 est:
2306 4625 2380 4696 llo-
2441 4659 2442 4664 κ

1383 4761 1443 4808 mo
1462 4749 1519 4908 {st
1542 4727 1818 4826 animal''bipel.'
1863 4729 1957 4806 Nam
1982 4733 2018 4802 e'l
2041 4733 2157 4826 gallus
2174 4729 2313 4800 animal
2329 4728 2380 4798 bi-

1409 4866 1445 4911 es
1477 4851 1526 4910 sl.
1610 4835 1701 4915 ‘'J'‘
1740 4909 1744 4918 ,
2087 4834 2092 4865 ⁵
2129 4849 2146 4867 ¹·

1382 4865 1406 4957 'p
1486 4935 1650 5035 Primum
1664 4923 1975 5030 ⁸liniendi'g'enus',
2001 4935 2164 5008 delinitio
2181 4935 2381 5007 essentialis

1384 5035 1575 5140 (utendum
1594 5041 1688 5112 enlm
1708 5041 1917 5134 estvailgari
1937 5039 2142 5135 vocabulo),
2166 5063 2260 5134 quae
2274 5041 2381 5110 abso

1383 5148 1496 5219 lutam
1519 5145 1574 5216 rei
1588 5158 1754 5215 naturam
1772 5143 1943 5238 explicat,
1968 5145 2008 5214 lit
2023 5144 2211 5236 exgenere
2227 5155 2263 5212 et
2276 5141 2383 5212 dille·

1390 5289 1596 5306 ..ι-*π-

1247 5387 1252 5403 .
1369 5334 1374 5359 ¹
1422 5325 1468 5417 to)
1487 5338 1715 5413 innotuere:
1740 5346 1813 5398 Usus
1829 5333 2121 5411 prsedlmnentoer'sn.

1421 5436 1468 5504 lo)
1487 5435 1646 5502 quaestu]
1661 5435 1707 5493 elo
1722 5433 1835 5521 illd-s⁸
1853 5431 1942 5488 sust
1960 5431 2023 5498 t-J.
2041 5430 2176 5496 rum
