4920 5956
113 222 189 295 sss
730 215 1182 297 consensuram
1207 217 1350 292 conc.
1378 219 1504 296 1-x.
2060 230 2172 306 ης,

109 389 236 467 Idcirco
250 412 416 465 suonam
434 391 519 484 quia
537 401 688 480 possim
704 391 781 458 fata·
794 388 989 470 volucrem,
1017 441 1020 451 -
1140 387 1231 461 Ecce
1246 402 1366 463 autem
1384 387 1587 466 Philomela
1604 405 1684 466 tuos
1699 408 1889 489 postquam
1905 393 2026 470 hausit
2039 413 2141 472 uter:

109 493 285 564 Debentur
297 493 429 566 merito
443 489 668 564 Philomelae
678 515 786 580 regua
806 513 971 562 canorae.
1465 535 1470 546 ·
1753 522 1824 590 que

109 594 176 668 Nec
190 621 249 672 me
258 595 447 688 quisquam
465 594 585 684 adiget
597 614 722 666 vocem
743 605 896 678 mutare,
917 592 1096 684 piumque·
1141 589 1364 676 Contentus,
1390 607 1426 663 et
1439 615 1510 664 vos
1526 595 1659 668 offensa
1676 599 1877 668 resultatio
1892 623 2030 684 aurem,

111 695 250 768 Consilii
264 698 409 778 foedus,
434 698 520 767 dum
536 695 683 786 spiritus
697 691 763 768 hos
779 708 878 784 reget
895 706 1005 770 artus.
1080 746 1086 757 .
1141 690 1206 763 His
1221 718 1329 786 super
1343 698 1480 767 accensi
1496 699 1641 771 confusa
1658 712 1777 770 mente
1793 703 1948 772 mebant

203 799 340 872 Annuit
353 810 389 868 et
403 811 523 888 partes
536 797 736 870 assensibus
752 797 877 886 implet
891 791 1075 878 Acanthis,
1140 793 1182 862 ln
1198 795 1382 878 fremitus,
1409 797 1493 890 quia
1509 821 1593 868 uam
1611 812 1735 870 cantus
1751 825 1857 873 exosa
1874 815 2072 895 strepentes

110 900 264 972 'faudem
281 899 540 992 pauca-refert:
568 923 632 989 ego
650 912 704 980 te,
729 921 821 993 quae
837 897 954 968 dulcia
973 909 1075 987 grato
1141 897 1238 966 Gens
1254 898 1377 966 avium
1391 900 1499 970 docto
1513 897 1736 972 Philomelae
1752 928 1795 973 ex
1810 927 1872 973 ore
1888 906 2070 996 pependit.

110 1001 178 1072 Ora
196 1026 285 1074 sono
300 1000 432 1083 solvis,
455 1022 641 1094 nunquam
657 995 855 1070 Philomela
872 999 1014 1089 negabo
1140 997 1374 1091 Quapropter
1389 1001 1557 1078 volucres,
1572 1003 1643 1072 iam
1661 1027 1784 1076 rursus
1801 1004 1838 1074 iu
1856 1007 1999 1097 agmina
2015 1008 2094 1098 cogi
2112 1044 2120 1082 e,

108 1103 359 1185 Promeritam,
385 1125 526 1172 nec-me
538 1125 615 1175 mea
636 1103 795 1172 carmina
812 1104 857 1172 ab
873 1125 936 1171 ore
954 1099 1091 1191 pigebit
1140 1099 1267 1172 Edicto
1282 1101 1400 1186 iubet,
1425 1099 1495 1174 hae
1511 1117 1615 1174 coetu
1630 1105 1771 1176 subiere
1785 1108 1977 1200 frequenti,

109 1203 352 1297 Composuisse
368 1218 451 1287 tuo,
477 1229 543 1274 nec
557 1203 671 1275 Musis
685 1203 822 1294 gratior
838 1204 910 1274 ulla
928 1215 994 1284 est,
1093 1254 1098 1265 ,
1140 1202 1192 1270 Ac
1207 1201 1355 1271 Aedone
1375 1217 1507 1293 parant
1520 1206 1667 1276 rabidae
1683 1208 1819 1277 sociare
1836 1209 1987 1293 volucri,

108 1307 219 1399 Quam
235 1307 303 1378 sibi
313 1307 345 1378 si
359 1331 429 1400 qua
447 1318 547 1380 tuum
562 1306 790 1397 praescripsit
802 1305 932 1396 pagiua
943 1326 1088 1374 nomeu.
1140 1307 1233 1386 Aut,
1257 1307 1356 1397 quod
1366 1307 1438 1376 fata
1456 1306 1556 1397 prius
1573 1321 1785 1378 convertant
1801 1333 1910 1380 omen
1924 1311 1962 1378 iu
1977 1311 2084 1402 ipses,

202 1409 297 1482 Tum
313 1409 364 1480 sic
380 1409 556 1480 incutiens
573 1407 855 1499 cristas-excepit
867 1407 1025 1479 Alauda:
1124 1405 1211 1481 ,Seu
1234 1406 1291 1488 vi,
1315 1409 1390 1476 sive
1411 1409 1503 1481 dolis
1523 1405 1761 1480 Philomelam
1786 1412 1972 1484 absumere
1995 1427 2140 1490 certum.

108 1506 198 1578 ldern
219 1510 361 1584 animus
382 1509 503 1594 nobis,
527 1534 594 1582 uec
618 1509 687 1580 erit
708 1509 771 1603 qui
792 1512 939 1579 tendere
962 1519 1096 1578 contra.
1760 1509 1823 1582 est.

107 1607 181 1680 lure
197 1626 326 1705 queat,
347 1634 536 1706 sacrasque
550 1613 719 1682 infectum
737 1613 886 1682 reddere
901 1623 1028 1682 sortes.
1139 1609 1258 1678 Sensit
1274 1608 1369 1683 euim
1383 1633 1421 1681 se
1437 1609 1673 1700 ignominiam
1689 1637 1757 1703 pro
1772 1613 1878 1684 laude
1893 1615 2041 1699 referre,
2123 1641 2139 1675 .-

108 1711 434 1796 messuerunt,
451 1716 548 1808 quod
561 1715 657 1784 idem
672 1709 763 1785 mihi
776 1735 909 1782 nomeu
922 1724 1089 1794 atomon,
1111 1759 1116 1852 Ι
1139 1710 1346 1803 Sequepati
1363 1725 1505 1802 turpem
1518 1726 1635 1804 spreta
1655 1737 1734 1783 cum
1751 1739 1838 1784 voce
1853 1717 2047 1806 repulsam,

107 1811 151 1884 Et
166 1839 219 1884 me
236 1815 308 1888 iaso
327 1817 468 1907 pridem
481 1829 581 1885 vates
596 1839 615 1884 a
631 1817 737 1888 laude
755 1826 941 1885 vocarunt.
1140 1809 1309 1882 Carmina
1327 1815 1412 1886 dum
1430 1838 1535 1884 sanas
1549 1811 1750 1886 Philomela
1767 1819 1916 1889 referret
1932 1821 1977 1887 ad
1996 1843 2100 1890 aures

107 1914 175 1986 Nee
191 1914 367 1992 mitri-tam
384 1919 660 1994 usheatuomen
678 1930 817 1989 ructare
833 1916 1025 1988 velomeu.
1094 1972 1098 1982 .
1138 1911 1179 1981 ld
1196 1927 1379 1998 metuens,
1405 1909 1518 1987 trahit
1528 1903 1570 1986 'iu
1586 1929 1705 2008 partes
1719 1917 1782 2009 qui
1798 1917 2061 2014 pacis-iniquae·

106 2013 197 2108 Ergo
210 2019 396 2110 egolaude
407 2014 535 2090 seham
550 2021 661 2109 gratis
673 2014 907 2112 hominesque
918 2021 1090 2109 deosque.
1139 2012 1309 2106 Imponat
1320 2017 1436 2106 leges,
1463 2029 1498 2086 et
1511 2031 1654 2107 pectora
1671 2020 1813 2091 foedere
1829 2021 1965 2111 iungat.
2004 2073 2017 2099 .,
2116 2058 2137 2102 ,·

107 2117 172 2188 Per
184 2120 342 2215 liquidos
357 2145 465 2214 aurae
482 2132 615 2192 tractus
629 2147 710 2197 cum
726 2113 884 2194 carmine
903 2121 1064 2190 tendens.
1139 2121 1260 2211 Atque
1274 2113 1381 2188 huius
1394 2119 1478 2187 fidei
1494 2142 1551 2190 res
1569 2122 1815 2211 componenda
1834 2123 1956 2196 relicta
1979 2135 2060 2202 est,
2133 2143 2138 2195 ;

106 2218 268 2316 Dumque
285 2245 397 2306 cauo,
417 2224 545 2314 pulsae
561 2225 721 2293 referunt
738 2225 783 2290 ad
798 2222 913 2291 sidera
930 2222 1052 2303 valles,
1140 2214 1188 2286 Et
1204 2219 1288 2311 quia
1301 2219 1382 2290 felle
1392 2218 1438 2312 ¹⁰)
1452 2233 1561 2302 caret,
1581 2245 1637 2293 res
1652 2235 1705 2297 est
1720 2223 1907 2298 commissa
1920 2222 2131 2320 Columbae,

106 2319 150 2392 Et
164 2324 324 2414 linguam
337 2326 440 2396 solvo
455 2349 561 2416 supra
579 2337 686 2416 caput
701 2347 787 2395 arva
807 2323 1008 2408 colentum,
1141 2320 1254 2406 Saepe
1271 2323 1384 2390 vicem
1398 2321 1460 2390 lidi
1474 2323 1620 2416 quando
1636 2324 1791 2395 cursoris
1805 2324 1932 2406 obivit,

107 2424 180 2516 Qua
196 2426 296 2496 soleo
312 2451 417 2496 curas
430 2427 563 2498 animis
576 2439 737 2496 avertere
750 2428 907 2494 moestis.
1041 2463 1044 2468 ·
1097 2433 1103 2440 “
1141 2421 1276 2492 Nuntia
1293 2445 1541 2515 quaer-‘smum
1557 2449 1697 2514 semper
1713 2425 1913 2497 frondentis
1928 2427 2046 2500 olivae
2091 2483 2096 2494 ,
2131 2478 2138 2510 ,

105 2525 192 2598 Huic
206 2527 345 2598 volhcri
361 2540 565 2620 acceptum,
590 2529 619 2598 si
638 2529 723 2622 quid
739 2549 817 2596 mea
832 2525 991 2596 carmina
1009 2549 1091 2617 pos-
1141 2520 1215 2592 Ore
1231 2519 1386 2607 vehens,
1409 2526 1590 2615 specimen
1606 2526 1764 2617 dilapsae
1781 2528 1947 2618 praebuit
1962 2532 2104 2603 undae..

591 2685 594 2690 .
719 2641 815 2711 sunt,
1141 2624 1211 2694 Sed
1226 2626 1365 2708 renuit,
1390 2628 1590 2720 duramque
1608 2628 1720 2698 vicem
1738 2653 1880 2700 versare
1896 2645 2047 2717 recusat,
2133 2664 2138 2692 =

105 2728 379 2828 hederimos'),
406 2730 569 2826 votisque
584 2731 684 2801 illum
703 2728 790 2800 baec
808 2729 847 2796 in
860 2751 969 2820 regna
986 2751 1091 2798 voca·
1141 2727 1224 2798 Non
1239 2751 1387 2817 operam
1402 2727 1614 2818 impendens
1629 2730 1753 2814 ullam,
1767 2754 1842 2800 non
1857 2753 1971 2824 aequa
1987 2733 2135 2824 roganti

720 2857 812 2904 mus.
1141 2825 1256 2898 Antra
1272 2829 1372 2914 colo,
1397 2842 1436 2900 et
1449 2843 1592 2903 teuerm
1605 2832 1711 2902 labor
1727 2845 1781 2902 est
1795 2835 1945 2904 educere
1964 2834 2094 2920 foetus,
2125 2857 2137 2889 ι’

105 2931 158 3003 Sic
174 2935 244 3019 ait,
272 2946 307 3004 et
322 2937 430 3004 misso
445 2957 569 3004 rursus
584 2935 682 3004 velut
699 2946 781 3004 ante
797 2931 943 3016 Senatu,
1141 2930 1225 3002 Non
1240 2944 1404 3007 nostrum
1421 2930 1515 3002 iuter
1530 2957 1594 3004 vos
1609 2945 1726 3006 tantas
1743 2959 1959 3024 componere
1972 2935 2064 3020 lites,
2112 2957 2137 3018 ζ.

105 3035 251 3107 Tollunt
267 3061 304 3107 se
319 3035 482 3107 volucres
498 3035 605 3106 celeri
621 3059 729 3128 super
745 3052 829 3108 aera
846 3034 963 3124 lapsu,
1141 3030 1283 3102 Mecum
1299 3029 1436 3116 habito,
1454 3047 1489 3104 et
1503 3033 1596 3104 vitae
1612 3059 1752 3107 cursum
1767 3037 1844 3108 sine
1857 3039 1982 3107 fraude
1997 3039 2138 3129 peregit

104 3133 192 3208 Nam
206 3161 285 3210 sors
300 3149 430 3222 eventu
445 3161 671 3230 congressum
689 3137 773 3208 lusit
787 3135 900 3204 inani.
1141 3132 1210 3203 Sed
1226 3135 1257 3204 si
1274 3147 1395 3207 tantus
1410 3159 1513 3206 amor
1528 3136 1608 3228 paci
1622 3137 1831 3208 submittere
1850 3151 1999 3223 mentes,
2058 3203 2061 3214 ,
2077 3192 2081 3205 .

106 3239 338 3310 Grammatici
358 3253 516 3322 certant,
542 3254 578 3310 et
595 3235 712 3310 adhuc
726 3238 823 3308 velut
839 3260 965 3327 aspera
980 3233 1091 3306 versis
1140 3231 1199 3303 En
1211 3237 1360 3318 adsum,
1385 3248 1519 3330 tuaque
1536 3261 1582 3307 en
1597 3239 1693 3310 ultro
1710 3243 1880 3312 mandata
1897 3243 2080 3316 facessam.
2122 3288 2140 3326 ι,

104 3339 261 3414 Flatibus
277 3341 435 3432 ambigui
449 3341 679 3412 committunt
692 3339 827 3432 praelia
844 3336 956 3422 veriti,
1142 3337 1221 3409 Neu
1238 3359 1295 3406 me
1313 3337 1401 3409 alias
1418 3350 1519 3408 tanto
1537 3352 1694 3430 exponat
1708 3365 1807 3409 meus
1823 3342 1901 3410 leva
1919 3342 2068 3432 periclo,
2122 3418 2127 3428 ¹

103 3441 147 3512 Et
165 3468 295 3536 magna
313 3445 504 3514 involvunt
518 3443 644 3513 umbra
660 3453 865 3536 terramque
883 3439 1090 3534 polumque.
1142 3437 1193 3508 Ut
1206 3441 1332 3512 subeat
1347 3439 1447 3509 dirae
1462 3441 1576 3531 gentis
1590 3453 1778 3530 penetrare
1796 3443 1962 3526 latebras,
1979 3521 1983 3528 ,
2079 3502 2082 3513 .

103 3543 245 3640 lamque
262 3546 301 3613 in
316 3547 503 3638 procinctu
520 3545 674 3615 Cuculus
691 3569 755 3635 per
770 3555 894 3637 tesqua
912 3542 1066 3625 volutus,
1140 3538 1188 3610 Et
1201 3541 1326 3614 Cuculi
1342 3564 1510 3632 praesens
1525 3543 1650 3613 audire
1668 3555 1704 3612 et
1717 3545 1866 3613 reddere
1882 3569 2003 3615 voces:
2118 3602 2139 3629 .,

104 3645 208 3717 Errat
225 3649 332 3738 inops
348 3647 459 3716 animi
477 3661 512 3716 et
528 3671 565 3718 se
580 3659 685 3738 putre
699 3646 833 3737 recepit
847 3645 886 3713 in
902 3657 1064 3714 antrum:
1142 3641 1226 3713 Nou
1241 3644 1334 3714 bene
1347 3667 1427 3714 cum
1444 3643 1592 3734 placidis
1606 3644 1759 3714 immitia
1776 3650 1884 3717 corda
1902 3637 2125 3733 cohaerent,

104 3747 225 3844 Qualis
241 3773 347 3842 saepe
362 3751 460 3820 rubis
476 3749 580 3819 latuit
594 3761 791 3818 nocturnus
808 3748 967 3829 abactor,
1141 3743 1188 3814 Et
1203 3747 1235 3816 si
1249 3746 1317 3814 rite
1331 3770 1471 3814 memor
1487 3747 1664 3818 maiorum
1682 3748 1842 3839 exempla
1859 3749 2022 3830 revolvo,
2062 3805 2064 3809 .

104 3849 172 3946 Qui
190 3853 368 3945 pecudum
385 3877 555 3922 numeros
572 3850 721 3934 minuit,
745 3849 924 3942 fessosque
938 3847 1076 3918 viantes
1142 3846 1267 3916 Suevit
1278 3847 1316 3917 in
1333 3846 1523 3939 Accipitris
1531 3845 1577 3942 ¹¹)
1593 3846 1747 3919 Cuculus
1762 3849 1916 3940 migrare
1930 3852 2095 3940 figuram,

103 3955 133 4021 A
148 3969 250 4048 tergo
268 3977 442 4044 superans
457 3954 644 4023 laetalibus
659 3953 781 4022 obruit
795 3952 916 4021 armis.
1142 3947 1193 4020 Ut
1208 3952 1391 4042 quondam
1412 3951 1547 4020 exuviis
1562 3947 1699 4022 Erucae
1712 3953 1823 4022 blatta
1842 3966 1994 4024 creatur.

202 4057 367 4150 Cumque
400 4081 537 4126 novum
568 4053 701 4144 vegetis
728 4054 920 4144 reparabat
949 4049 1091 4122 flatibus
1143 4049 1288 4134 Crines,
1312 4075 1388 4120 non
1405 4053 1564 4122 animum
1584 4067 1699 4122 mutat
1714 4054 1819 4144 lupus
1834 4055 1930 4126 intus
1947 4077 2109 4125 avarum.

720 4157 845 4228 orbem
870 4208 877 4232 ,
1140 4151 1238 4222 llaec
1260 4152 1323 4224 ubi
1346 4153 1461 4237 dicta,
1489 4167 1620 4224 vovent
1637 4155 1813 4226 furiarum
1834 4156 1874 4224 in
1887 4157 1967 4226 iura
1985 4153 2132 4226 Colum·

102 4257 220 4330 Verua
238 4259 335 4344 dies,
360 4260 471 4330 denso
487 4283 656 4350 spargens
670 4284 731 4328 rus
747 4281 853 4328 omne
869 4254 1002 4337 virore,
1755 4259 1853 4340 ham,

102 4359 148 4430 Et
162 4359 321 4454 tepidam
340 4351 500 4432 volucres
518 4364 710 4432 mulcentes
727 4359 888 4428 cautibus
904 4380 1030 4426 auram
1142 4355 1190 4426 Et
1208 4380 1361 4428 numero
1376 4358 1569 4428 excludunt
1582 4351 1640 4428 hei
1655 4359 1761 4448 plana
1779 4371 1814 4428 et
1829 4381 1915 4428 sana
1932 4359 2132 4455 loquutam.

102 4463 209 4554 Signa
229 4465 380 4534 dabant:
407 4461 560 4534 Cucolus
576 4463 706 4556 plumis
724 4449 812 4554 petit
827 4485 912 4530 arva
929 4455 1076 4542 renatis,
1140 4457 1288 4552 lamque
1321 4460 1451 4528 iterum
1485 4481 1563 4530 sors
1597 4460 1702 4531 missa
1737 4462 1851 4544 cadit,
1883 4473 1989 4554 teque
2013 4460 2132 4554 lepida

105 4567 220 4662 htque
235 4569 342 4638 rudes
356 4567 472 4636 foetus
487 4565 667 4635 Currucae
686 4565 724 4634 in
740 4577 829 4633 tecta
847 4561 1002 4654 reponit,
1756 4562 1896 4656 Coccyx

102 4665 150 4738 Et
166 4691 291 4740 morsu
307 4669 447 4738 violans
463 4693 596 4759 parvae
611 4667 702 4736 bibit
718 4691 784 4736 ova
799 4663 969 4759 parentis.
1140 4663 1358 4735 Adiunctam
1374 4661 1542 4747 Merulis,
1566 4687 1659 4757 quae
1675 4663 1812 4757 liquida
1826 4679 1951 4756 stagna
1966 4665 2132 4760 frequen·

104 4769 267 4865 Cumque
285 4770 424 4840 infirma
441 4794 569 4860 parens
586 4770 726 4840 intenso
743 4773 871 4838 ardore
885 4763 1028 4836 reclusit
1763 4780 1853 4850 tant,
1933 4793 1937 4801 ·

102 4871 318 4966 Ambiguam
333 4873 494 4964 prolem,
519 4884 596 4942 toto
614 4897 705 4966 quae
725 4873 854 4940 vertice
871 4893 979 4961 supra
1002 4877 1065 4951 est,
1141 4864 1198 4936 lre
1215 4867 1315 4936 iubet
1328 4865 1459 4938 tabulis
1475 4865 1667 4937 intructam
1684 4892 1725 4936 ac
1741 4880 1817 4938 arte
1833 4868 1991 4956 Pelasga.

101 4973 157 5044 En
173 4975 274 5045 rabie
291 4987 413 5066 pastus
426 4987 585 5044 ventrem
601 4975 826 5057 stimulante,
852 4970 990 5042 tenellis
1142 4968 1198 5040 llli
1213 4991 1325 5061 pauca
1342 4970 1451 5038 refert
1465 4969 1609 5054 aedon,
1636 4969 1719 5064 quia
1736 4993 1845 5040 verua
1861 4971 2030 5040 subibant

101 5075 252 5170 Excepit
265 5078 397 5148 victum
413 5078 524 5160 natis,
547 5073 675 5146 dehinc
690 5090 828 5147 vertere
844 5098 983 5144 morsus
1143 5072 1348 5162 Tempora,
1373 5095 1453 5142 cum
1468 5071 1608 5141 dulcem
1625 5072 1691 5141 sub
1706 5072 1836 5162 apertis
1853 5067 2007 5142 aetheris
2024 5070 2097 5142 oris

102 5177 278 5272 Exiguam
294 5179 334 5247 in
348 5192 498 5249 matrem
515 5179 666 5271 penuria
683 5180 800 5272 adegit
815 5177 957 5248 edendi.

375 5357 379 5364 .
1180 5322 1226 5388 11))
1244 5323 1325 5382 lette]
1344 5322 1386 5371 stc
1410 5321 1460 5376 stt
1474 5321 1519 5385 ’.ς
1544 5323 1593 5374 Ed
1608 5321 1631 5376 1.
1649 5321 1724 5372 selle

136 5415 169 5473 1)
187 5411 353 5464 Med-us
362 5415 387 5476 ,1
405 5411 449 5464 ste
462 5412 514 5466 ΙΙ.
525 5413 569 5477 23
593 5413 644 5464 11.
659 5413 683 5463 1.
700 5412 738 5462 111
753 5409 880 5474 Mnus,
1180 5409 1228 5474 11)
1245 5407 1410 5472 Aoslpttrts]
1431 5409 1483 5462 Ed.
1497 5410 1523 5465 1.
1544 5411 1605 5474 typ.
1621 5419 1735 5548 eqrdrrps
1759 5407 1894 5474 Aoelpbls
