<?xml version="1.0" encoding="UTF-8"?>
<!DOCTYPE html PUBLIC "-//W3C//DTD XHTML 1.0 Transitional//EN"
    "http://www.w3.org/TR/xhtml1/DTD/xhtml1-transitional.dtd">
<html xmlns="http://www.w3.org/1999/xhtml" xml:lang="en" lang="en">
 <head>
  <title>
</title>
<meta http-equiv="Content-Type" content="text/html;charset=utf-8" />
  <meta name='ocr-system' content='tesseract 3.04.00' />
  <meta name='ocr-capabilities' content='ocr_page ocr_carea ocr_par ocr_line ocrx_word'/>
</head>
<body>
  <div class='ocr_page' id='page_1' title='image "./philippimelanth11bindgoog_0374.png"; bbox 0 0 4920 5956; ppageno 0'>
   <div class='ocr_carea' id='block_1_1' title="bbox 102 254 2149 344">
    <p class='ocr_par' dir='ltr' id='par_1_1' title="bbox 102 254 2149 344">
     <span class='ocr_line' id='line_1_1' title="bbox 102 254 2149 344; baseline -0 -6"><span class='ocrx_word' id='word_1_1' title='bbox 102 263 181 342; x_wconf 76' lang='lat'>726</span> <span class='ocrx_word' id='word_1_2' title='bbox 613 263 696 338; x_wconf 87' lang='lat' dir='ltr'>Vll..</span> <span class='ocrx_word' id='word_1_3' title='bbox 743 265 1109 340; x_wconf 73' lang='lat' dir='ltr'>muessufflanta</span> <span class='ocrx_word' id='word_1_4' title='bbox 1134 265 1447 344; x_wconf 70' lang='lat' dir='ltr'>oletacrtcsss</span> <span class='ocrx_word' id='word_1_5' title='bbox 1472 263 1636 340; x_wconf 70' lang='lat' dir='ltr'>ululo.</span> <span class='ocrx_word' id='word_1_6' title='bbox 2073 254 2149 344; x_wconf 67' lang='lat'>726</span> 
     </span>
    </p>
   </div>
   <div class='ocr_carea' id='block_1_2' title="bbox 101 433 2126 948">
    <p class='ocr_par' dir='ltr' id='par_1_2' title="bbox 101 433 2126 948">
     <span class='ocr_line' id='line_1_2' title="bbox 207 433 1723 534; baseline 0.001 -26"><span class='ocrx_word' id='word_1_7' title='bbox 207 435 300 508; x_wconf 89' lang='lat' dir='ltr'>Nam</span> <span class='ocrx_word' id='word_1_8' title='bbox 319 434 481 506; x_wconf 80' lang='lat' dir='ltr'>omnium</span> <span class='ocrx_word' id='word_1_9' title='bbox 501 439 679 529; x_wconf 87' lang='lat' dir='ltr'>primum,</span> <span class='ocrx_word' id='word_1_10' title='bbox 707 462 921 534; x_wconf 89' lang='lat' dir='ltr'>quocunque</span> <span class='ocrx_word' id='word_1_11' title='bbox 941 433 1099 510; x_wconf 88' lang='lat' dir='ltr'>themate</span> <span class='ocrx_word' id='word_1_12' title='bbox 1152 441 1256 532; x_wconf 87' lang='lat' dir='ltr'>Quae</span> <span class='ocrx_word' id='word_1_13' title='bbox 1273 435 1443 512; x_wconf 80' lang='lat' dir='ltr'>caussae?</span> <span class='ocrx_word' id='word_1_14' title='bbox 1509 439 1642 510; x_wconf 85' lang='lat' dir='ltr'>Divina</span> <span class='ocrx_word' id='word_1_15' title='bbox 1658 441 1723 510; x_wconf 88' lang='lat' dir='ltr'>vis.</span> 
     </span>
     <span class='ocr_line' id='line_1_3' title="bbox 101 537 2126 638; baseline 0.004 -30"><span class='ocrx_word' id='word_1_16' title='bbox 101 539 314 632; x_wconf 89' lang='lat' dir='ltr'>proposito,</span> <span class='ocrx_word' id='word_1_17' title='bbox 337 537 497 611; x_wconf 76' lang='lat' dir='ltr'>nominis</span> <span class='ocrx_word' id='word_1_18' title='bbox 519 539 594 608; x_wconf 84' lang='lat' dir='ltr'>vim</span> <span class='ocrx_word' id='word_1_19' title='bbox 617 541 694 632; x_wconf 90' lang='lat' dir='ltr'>ipse</span> <span class='ocrx_word' id='word_1_20' title='bbox 709 553 998 612; x_wconf 83' lang='lat' dir='ltr'>naturaeseosus</span> <span class='ocrx_word' id='word_1_21' title='bbox 1014 564 1099 611; x_wconf 86' lang='lat' dir='ltr'>con·</span> <span class='ocrx_word' id='word_1_22' title='bbox 1153 544 1256 636; x_wconf 86' lang='lat' dir='ltr'>Quae</span> <span class='ocrx_word' id='word_1_23' title='bbox 1270 543 1414 637; x_wconf 85' lang='lat' dir='ltr'>partes?</span> <span class='ocrx_word' id='word_1_24' title='bbox 1511 544 1586 616; x_wconf 87' lang='lat' dir='ltr'>Tot</span> <span class='ocrx_word' id='word_1_25' title='bbox 1601 554 1691 638; x_wconf 91' lang='lat' dir='ltr'>quot</span> <span class='ocrx_word' id='word_1_26' title='bbox 1708 541 1897 612; x_wconf 84' lang='lat' dir='ltr'>affectuum</span> <span class='ocrx_word' id='word_1_27' title='bbox 1913 554 1997 614; x_wconf 90' lang='lat' dir='ltr'>suot</span> <span class='ocrx_word' id='word_1_28' title='bbox 2012 543 2126 616; x_wconf 86' lang='lat' dir='ltr'>modi.</span> 
     </span>
     <span class='ocr_line' id='line_1_4' title="bbox 101 639 1838 738; baseline 0.001 -26"><span class='ocrx_word' id='word_1_29' title='bbox 101 639 302 737; x_wconf 75' lang='lat' dir='ltr'>tuetur“),</span> <span class='ocrx_word' id='word_1_30' title='bbox 329 639 512 732; x_wconf 85' lang='lat' dir='ltr'>proinde,</span> <span class='ocrx_word' id='word_1_31' title='bbox 544 653 583 712; x_wconf 89' lang='lat' dir='ltr'>et</span> <span class='ocrx_word' id='word_1_32' title='bbox 609 643 768 734; x_wconf 89' lang='lat' dir='ltr'>primum</span> <span class='ocrx_word' id='word_1_33' title='bbox 789 643 828 714; x_wconf 91' lang='lat' dir='ltr'>in</span> <span class='ocrx_word' id='word_1_34' title='bbox 853 643 1023 738; x_wconf 89' lang='lat' dir='ltr'>cuiusque</span> <span class='ocrx_word' id='word_1_35' title='bbox 1045 643 1100 714; x_wconf 89' lang='lat' dir='ltr'>rei</span> <span class='ocrx_word' id='word_1_36' title='bbox 1152 645 1462 738; x_wconf 81' lang='lat' dir='ltr'>Quod-officium?</span> <span class='ocrx_word' id='word_1_37' title='bbox 1511 641 1838 718; x_wconf 85' lang='lat' dir='ltr'>Bearehominem.</span> 
     </span>
     <span class='ocr_line' id='line_1_5' title="bbox 101 742 1097 838; baseline 0 -24"><span class='ocrx_word' id='word_1_38' title='bbox 101 742 427 837; x_wconf 69' lang='lat' dir='ltr'>pervestigatione,</span> <span class='ocrx_word' id='word_1_39' title='bbox 460 755 593 814; x_wconf 84' lang='lat' dir='ltr'>certam</span> <span class='ocrx_word' id='word_1_40' title='bbox 627 745 786 816; x_wconf 86' lang='lat' dir='ltr'>nominis</span> <span class='ocrx_word' id='word_1_41' title='bbox 819 746 1097 838; x_wconf 77' lang='lat' dir='ltr'><strong>appellationem</strong></span> 
     </span>
     <span class='ocr_line' id='line_1_6' title="bbox 104 844 1100 948; baseline -0.001 -31"><span class='ocrx_word' id='word_1_42' title='bbox 104 846 294 918; x_wconf 86' lang='lat' dir='ltr'>constitue.</span> <span class='ocrx_word' id='word_1_43' title='bbox 357 844 449 916; x_wconf 78' lang='lat' dir='ltr'>Eam</span> <span class='ocrx_word' id='word_1_44' title='bbox 474 847 522 916; x_wconf 80' lang='lat' dir='ltr'>sb</span> <span class='ocrx_word' id='word_1_45' title='bbox 545 869 728 948; x_wconf 69' lang='lat' dir='ltr'>canuam,</span> <span class='ocrx_word' id='word_1_46' title='bbox 762 848 921 940; x_wconf 88' lang='lat' dir='ltr'>primum</span> <span class='ocrx_word' id='word_1_47' title='bbox 948 850 994 919; x_wconf 91' lang='lat' dir='ltr'>de</span> <span class='ocrx_word' id='word_1_48' title='bbox 1020 847 1100 921; x_wconf 79' lang='lat' dir='ltr'>fini-</span> 
     </span>
    </p>
   </div>
   <div class='ocr_carea' id='block_1_3' title="bbox 1215 811 2081 907">
    <p class='ocr_par' dir='ltr' id='par_1_3' title="bbox 1215 811 2081 907">
     <span class='ocr_line' id='line_1_7' title="bbox 1215 811 2081 907; baseline 0.001 -24"><span class='ocrx_word' id='word_1_49' title='bbox 1215 813 1278 886; x_wconf 91' lang='lat' dir='ltr'>De</span> <span class='ocrx_word' id='word_1_50' title='bbox 1303 813 1635 907; x_wconf 87' lang='lat' dir='ltr'>pronuntiato,</span> <span class='ocrx_word' id='word_1_51' title='bbox 1676 811 1817 882; x_wconf 85' lang='lat' dir='ltr'>Liber</span> <span class='ocrx_word' id='word_1_52' title='bbox 1842 813 2081 884; x_wconf 86' lang='lat' dir='ltr'>secundus.</span> 
     </span>
    </p>
   </div>
   <div class='ocr_carea' id='block_1_4' title="bbox 100 945 2157 5035">
    <p class='ocr_par' dir='ltr' id='par_1_4' title="bbox 103 945 2154 2269">
     <span class='ocr_line' id='line_1_8' title="bbox 103 945 2148 1045; baseline 0 -26"><span class='ocrx_word' id='word_1_53' title='bbox 103 945 264 1045; x_wconf 82' lang='lat' dir='ltr'>tioue¹)</span> <span class='ocrx_word' id='word_1_54' title='bbox 277 946 436 1018; x_wconf 85' lang='lat' dir='ltr'>nominis</span> <span class='ocrx_word' id='word_1_55' title='bbox 452 948 609 1040; x_wconf 67' lang='lat' dir='ltr'>egimus,</span> <span class='ocrx_word' id='word_1_56' title='bbox 638 970 730 1045; x_wconf 87' lang='lat' dir='ltr'>quae</span> <span class='ocrx_word' id='word_1_57' title='bbox 745 975 764 1018; x_wconf 85' lang='lat' dir='ltr'>a</span> <span class='ocrx_word' id='word_1_58' title='bbox 782 949 1023 1041; x_wconf 79' lang='lat' dir='ltr'>grammaticis</span> <span class='ocrx_word' id='word_1_59' title='bbox 1039 973 1101 1041; x_wconf 86' lang='lat' dir='ltr'>pe·</span> <span class='ocrx_word' id='word_1_60' title='bbox 1254 946 1295 1018; x_wconf 92' lang='lat' dir='ltr'>ln</span> <span class='ocrx_word' id='word_1_61' title='bbox 1311 950 1458 1040; x_wconf 78' lang='lat' dir='ltr'>negotio</span> <span class='ocrx_word' id='word_1_62' title='bbox 1473 948 1660 1020; x_wconf 88' lang='lat' dir='ltr'>dialectico</span> <span class='ocrx_word' id='word_1_63' title='bbox 1676 947 1851 1040; x_wconf 90' lang='lat' dir='ltr'>inprimis</span> <span class='ocrx_word' id='word_1_64' title='bbox 1869 947 2065 1018; x_wconf 89' lang='lat' dir='ltr'>iucundum</span> <span class='ocrx_word' id='word_1_65' title='bbox 2082 961 2148 1026; x_wconf 78' lang='lat' dir='ltr'>est,</span> 
     </span>
     <span class='ocr_line' id='line_1_9' title="bbox 103 1047 2147 1147; baseline 0.001 -26"><span class='ocrx_word' id='word_1_66' title='bbox 103 1047 191 1137; x_wconf 83' lang='lat' dir='ltr'>lita,</span> <span class='ocrx_word' id='word_1_67' title='bbox 213 1075 279 1121; x_wconf 87' lang='lat' dir='ltr'>ceu</span> <span class='ocrx_word' id='word_1_68' title='bbox 292 1049 436 1120; x_wconf 81' lang='lat' dir='ltr'>initium</span> <span class='ocrx_word' id='word_1_69' title='bbox 449 1064 486 1121; x_wconf 85' lang='lat' dir='ltr'>et</span> <span class='ocrx_word' id='word_1_70' title='bbox 503 1065 611 1143; x_wconf 88' lang='lat' dir='ltr'>caput</span> <span class='ocrx_word' id='word_1_71' title='bbox 627 1052 828 1124; x_wconf 76' lang='lat' dir='ltr'><strong>dialectices</strong></span> <span class='ocrx_word' id='word_1_72' title='bbox 845 1065 909 1125; x_wconf 77' lang='lat' dir='ltr'>est.</span> <span class='ocrx_word' id='word_1_73' title='bbox 948 1052 1100 1137; x_wconf 85' lang='lat' dir='ltr'>Deinde,</span> <span class='ocrx_word' id='word_1_74' title='bbox 1153 1053 1264 1144; x_wconf 85' lang='lat' dir='ltr'>quod,</span> <span class='ocrx_word' id='word_1_75' title='bbox 1281 1075 1353 1145; x_wconf 89' lang='lat' dir='ltr'>quo</span> <span class='ocrx_word' id='word_1_76' title='bbox 1370 1053 1511 1143; x_wconf 76' lang='lat' dir='ltr'>longius</span> <span class='ocrx_word' id='word_1_77' title='bbox 1527 1073 1735 1147; x_wconf 78' lang='lat' dir='ltr'>progressus</span> <span class='ocrx_word' id='word_1_78' title='bbox 1748 1050 1871 1136; x_wconf 81' lang='lat' dir='ltr'>fueris,</span> <span class='ocrx_word' id='word_1_79' title='bbox 1885 1074 1931 1120; x_wconf 92' lang='lat' dir='ltr'>eo</span> <span class='ocrx_word' id='word_1_80' title='bbox 1945 1052 2058 1144; x_wconf 75' lang='lat' dir='ltr'>magis</span> <span class='ocrx_word' id='word_1_81' title='bbox 2072 1072 2147 1123; x_wconf 87' lang='lat' dir='ltr'>sese</span> 
     </span>
     <span class='ocr_line' id='line_1_10' title="bbox 104 1150 2154 1248; baseline -0.001 -23"><span class='ocrx_word' id='word_1_82' title='bbox 104 1179 187 1225; x_wconf 87' lang='lat' dir='ltr'>cum</span> <span class='ocrx_word' id='word_1_83' title='bbox 205 1150 700 1245; x_wconf 79' lang='lat' dir='ltr'>denominissignificatione</span> <span class='ocrx_word' id='word_1_84' title='bbox 722 1157 910 1239; x_wconf 80' lang='lat' dir='ltr'>convenit,</span> <span class='ocrx_word' id='word_1_85' title='bbox 937 1155 1099 1229; x_wconf 87' lang='lat' dir='ltr'>omnium</span> <span class='ocrx_word' id='word_1_86' title='bbox 1154 1153 1270 1244; x_wconf 87' lang='lat' dir='ltr'>aperit</span> <span class='ocrx_word' id='word_1_87' title='bbox 1303 1155 1439 1226; x_wconf 78' lang='lat' dir='ltr'>fructus</span> <span class='ocrx_word' id='word_1_88' title='bbox 1473 1167 1581 1248; x_wconf 88' lang='lat' dir='ltr'>atque</span> <span class='ocrx_word' id='word_1_89' title='bbox 1613 1151 1852 1224; x_wconf 78' lang='lat' dir='ltr'><strong>commoditas</strong></span> <span class='ocrx_word' id='word_1_90' title='bbox 1879 1153 1978 1226; x_wconf 90' lang='lat' dir='ltr'>artis.</span> <span class='ocrx_word' id='word_1_91' title='bbox 2039 1153 2154 1247; x_wconf 67' lang='lat' dir='ltr'>Nam„</span> 
     </span>
     <span class='ocr_line' id='line_1_11' title="bbox 103 1251 2146 1350; baseline 0 -25"><span class='ocrx_word' id='word_1_92' title='bbox 103 1256 286 1350; x_wconf 87' lang='lat' dir='ltr'>primurn,</span> <span class='ocrx_word' id='word_1_93' title='bbox 311 1254 398 1348; x_wconf 91' lang='lat' dir='ltr'>quid</span> <span class='ocrx_word' id='word_1_94' title='bbox 415 1277 455 1324; x_wconf 90' lang='lat' dir='ltr'>ea</span> <span class='ocrx_word' id='word_1_95' title='bbox 472 1256 548 1345; x_wconf 88' lang='lat' dir='ltr'>ipsa</span> <span class='ocrx_word' id='word_1_96' title='bbox 564 1280 622 1327; x_wconf 87' lang='lat' dir='ltr'>res</span> <span class='ocrx_word' id='word_1_97' title='bbox 636 1257 695 1341; x_wconf 87' lang='lat' dir='ltr'>sit,</span> <span class='ocrx_word' id='word_1_98' title='bbox 722 1259 766 1327; x_wconf 92' lang='lat' dir='ltr'>de</span> <span class='ocrx_word' id='word_1_99' title='bbox 781 1282 851 1350; x_wconf 86' lang='lat' dir='ltr'>qua</span> <span class='ocrx_word' id='word_1_100' title='bbox 871 1257 1101 1349; x_wconf 82' lang='lat' dir='ltr'><strong>proponitur,</strong></span> <span class='ocrx_word' id='word_1_101' title='bbox 1153 1257 1252 1348; x_wconf 91' lang='lat' dir='ltr'>quod</span> <span class='ocrx_word' id='word_1_102' title='bbox 1285 1279 1393 1347; x_wconf 89' lang='lat' dir='ltr'>supra</span> <span class='ocrx_word' id='word_1_103' title='bbox 1422 1256 1514 1341; x_wconf 84' lang='lat' dir='ltr'>dixi,</span> <span class='ocrx_word' id='word_1_104' title='bbox 1554 1257 1667 1326; x_wconf 88' lang='lat' dir='ltr'>inter&#39;</span> <span class='ocrx_word' id='word_1_105' title='bbox 1683 1251 1865 1325; x_wconf 87' lang='lat' dir='ltr'>rhetorica</span> <span class='ocrx_word' id='word_1_106' title='bbox 1900 1267 1936 1324; x_wconf 92' lang='lat' dir='ltr'>et</span> <span class='ocrx_word' id='word_1_107' title='bbox 1961 1255 2146 1326; x_wconf 84' lang='lat' dir='ltr'>dialectica</span> 
     </span>
     <span class='ocr_line' id='line_1_12' title="bbox 105 1351 2148 1454; baseline -0 -26"><span class='ocrx_word' id='word_1_108' title='bbox 105 1355 323 1454; x_wconf 63' lang='lat' dir='ltr'>exquir-W),</span> <span class='ocrx_word' id='word_1_109' title='bbox 349 1379 451 1428; x_wconf 80' lang='lat' dir='ltr'>mens</span> <span class='ocrx_word' id='word_1_110' title='bbox 472 1354 629 1428; x_wconf 84' lang='lat' dir='ltr'>bumana</span> <span class='ocrx_word' id='word_1_111' title='bbox 650 1360 769 1443; x_wconf 89' lang='lat' dir='ltr'>iubet,</span> <span class='ocrx_word' id='word_1_112' title='bbox 795 1372 836 1428; x_wconf 92' lang='lat' dir='ltr'>ut</span> <span class='ocrx_word' id='word_1_113' title='bbox 852 1359 1006 1444; x_wconf 77' lang='lat' dir='ltr'>sisciae,</span> <span class='ocrx_word' id='word_1_114' title='bbox 1033 1356 1101 1429; x_wconf 90' lang='lat' dir='ltr'>Ca·</span> <span class='ocrx_word' id='word_1_115' title='bbox 1151 1351 1222 1426; x_wconf 88' lang='lat' dir='ltr'>boc</span> <span class='ocrx_word' id='word_1_116' title='bbox 1239 1358 1430 1443; x_wconf 70' lang='lat' dir='ltr'>interesse,</span> <span class='ocrx_word' id='word_1_117' title='bbox 1454 1360 1553 1454; x_wconf 93' lang='lat' dir='ltr'>quod</span> <span class='ocrx_word' id='word_1_118' title='bbox 1566 1359 1752 1450; x_wconf 88' lang='lat' dir='ltr'>splendida</span> <span class='ocrx_word' id='word_1_119' title='bbox 1769 1353 1945 1443; x_wconf 87' lang='lat' dir='ltr'>rhetores,</span> <span class='ocrx_word' id='word_1_120' title='bbox 1970 1358 2148 1430; x_wconf 86' lang='lat' dir='ltr'>dialectici</span> 
     </span>
     <span class='ocr_line' id='line_1_13' title="bbox 104 1459 2148 1556; baseline 0 -26"><span class='ocrx_word' id='word_1_121' title='bbox 104 1461 190 1532; x_wconf 90' lang='lat' dir='ltr'>meli</span> <span class='ocrx_word' id='word_1_122' title='bbox 208 1482 295 1530; x_wconf 85' lang='lat' dir='ltr'>vote</span> <span class='ocrx_word' id='word_1_123' title='bbox 311 1459 445 1532; x_wconf 90' lang='lat' dir='ltr'>animal</span> <span class='ocrx_word' id='word_1_124' title='bbox 459 1459 664 1554; x_wconf 75' lang='lat' dir='ltr'>significari,</span> <span class='ocrx_word' id='word_1_125' title='bbox 689 1461 809 1532; x_wconf 85' lang='lat' dir='ltr'>statim</span> <span class='ocrx_word' id='word_1_126' title='bbox 826 1485 991 1556; x_wconf 86' lang='lat' dir='ltr'>quaeres,</span> <span class='ocrx_word' id='word_1_127' title='bbox 1013 1460 1101 1555; x_wconf 90' lang='lat' dir='ltr'>quid</span> <span class='ocrx_word' id='word_1_128' title='bbox 1153 1472 1249 1528; x_wconf 87' lang='lat' dir='ltr'>certa</span> <span class='ocrx_word' id='word_1_129' title='bbox 1268 1459 1496 1551; x_wconf 77' lang='lat' dir='ltr'>doceaut⁸⁰),</span> <span class='ocrx_word' id='word_1_130' title='bbox 1523 1474 1558 1531; x_wconf 90' lang='lat' dir='ltr'>et</span> <span class='ocrx_word' id='word_1_131' title='bbox 1574 1473 1766 1553; x_wconf 88' lang='lat' dir='ltr'>propterea</span> <span class='ocrx_word' id='word_1_132' title='bbox 1784 1483 1915 1532; x_wconf 85' lang='lat' dir='ltr'>nervos</span> <span class='ocrx_word' id='word_1_133' title='bbox 1938 1485 2083 1546; x_wconf 85' lang='lat' dir='ltr'>omnes,</span> <span class='ocrx_word' id='word_1_134' title='bbox 2112 1473 2148 1532; x_wconf 88' lang='lat' dir='ltr'>et</span> 
     </span>
     <span class='ocr_line' id='line_1_14' title="bbox 106 1559 2146 1658; baseline 0.001 -26"><span class='ocrx_word' id='word_1_135' title='bbox 106 1561 274 1634; x_wconf 84' lang='lat' dir='ltr'>animalis</span> <span class='ocrx_word' id='word_1_136' title='bbox 297 1559 344 1633; x_wconf 90' lang='lat' dir='ltr'>sit</span> <span class='ocrx_word' id='word_1_137' title='bbox 365 1559 542 1634; x_wconf 88' lang='lat' dir='ltr'>Camelus.</span> <span class='ocrx_word' id='word_1_138' title='bbox 592 1561 682 1635; x_wconf 86' lang='lat' dir='ltr'>Eam</span> <span class='ocrx_word' id='word_1_139' title='bbox 708 1563 956 1658; x_wconf 88' lang='lat' dir='ltr'>quaestionem</span> <span class='ocrx_word' id='word_1_140' title='bbox 983 1562 1099 1635; x_wconf 83' lang='lat' dir='ltr'>linitio</span> <span class='ocrx_word' id='word_1_141' title='bbox 1152 1563 1265 1631; x_wconf 91' lang='lat' dir='ltr'>robur</span> <span class='ocrx_word' id='word_1_142' title='bbox 1281 1562 1457 1634; x_wconf 88' lang='lat' dir='ltr'>orationis</span> <span class='ocrx_word' id='word_1_143' title='bbox 1471 1560 1686 1647; x_wconf 80' lang='lat' dir='ltr'>rhetoricae,</span> <span class='ocrx_word' id='word_1_144' title='bbox 1705 1587 1724 1632; x_wconf 91' lang='lat' dir='ltr'>a</span> <span class='ocrx_word' id='word_1_145' title='bbox 1743 1563 1935 1636; x_wconf 86' lang='lat' dir='ltr'>dialecticis</span> <span class='ocrx_word' id='word_1_146' title='bbox 1951 1568 2146 1656; x_wconf 89' lang='lat' dir='ltr'>petendum</span> 
     </span>
     <span class='ocr_line' id='line_1_15' title="bbox 106 1660 2147 1759; baseline 0 -22"><span class='ocrx_word' id='word_1_147' title='bbox 106 1665 279 1758; x_wconf 82' lang='lat' dir='ltr'>explicet,</span> <span class='ocrx_word' id='word_1_148' title='bbox 304 1687 416 1758; x_wconf 87' lang='lat' dir='ltr'>eaque</span> <span class='ocrx_word' id='word_1_149' title='bbox 432 1663 510 1758; x_wconf 87' lang='lat' dir='ltr'>ipsa</span> <span class='ocrx_word' id='word_1_150' title='bbox 526 1666 597 1737; x_wconf 91' lang='lat' dir='ltr'>iam</span> <span class='ocrx_word' id='word_1_151' title='bbox 615 1667 660 1736; x_wconf 88' lang='lat' dir='ltr'>ab</span> <span class='ocrx_word' id='word_1_152' title='bbox 676 1665 864 1738; x_wconf 87' lang='lat' dir='ltr'>ordinibus</span> <span class='ocrx_word' id='word_1_153' title='bbox 878 1691 1014 1750; x_wconf 86' lang='lat' dir='ltr'>rerum,</span> <span class='ocrx_word' id='word_1_154' title='bbox 1037 1689 1101 1738; x_wconf 90' lang='lat' dir='ltr'>seu</span> <span class='ocrx_word' id='word_1_155' title='bbox 1153 1687 1248 1748; x_wconf 89' lang='lat' dir='ltr'>esse,</span> <span class='ocrx_word' id='word_1_156' title='bbox 1273 1665 1310 1732; x_wconf 91' lang='lat' dir='ltr'>id</span> <span class='ocrx_word' id='word_1_157' title='bbox 1333 1660 1503 1736; x_wconf 88' lang='lat' dir='ltr'>hocloco</span> <span class='ocrx_word' id='word_1_158' title='bbox 1526 1667 1581 1735; x_wconf 87' lang='lat' dir='ltr'>vel</span> <span class='ocrx_word' id='word_1_159' title='bbox 1601 1667 1826 1757; x_wconf 87' lang='lat' dir='ltr'>potissimum</span> <span class='ocrx_word' id='word_1_160' title='bbox 1846 1666 2048 1736; x_wconf 76' lang='lat' dir='ltr'>erratione</span> <span class='ocrx_word' id='word_1_161' title='bbox 2063 1689 2147 1759; x_wconf 88' lang='lat' dir='ltr'>pro·</span> 
     </span>
     <span class='ocr_line' id='line_1_16' title="bbox 105 1765 2147 1866; baseline 0 -28"><span class='ocrx_word' id='word_1_162' title='bbox 105 1765 407 1866; x_wconf 76' lang='lat' dir='ltr'>praedicamentis</span> <span class='ocrx_word' id='word_1_163' title='bbox 430 1770 581 1862; x_wconf 86' lang='lat' dir='ltr'>peteuda</span> <span class='ocrx_word' id='word_1_164' title='bbox 607 1780 678 1852; x_wconf 89' lang='lat' dir='ltr'>est,</span> <span class='ocrx_word' id='word_1_165' title='bbox 721 1793 812 1864; x_wconf 91' lang='lat' dir='ltr'>quae</span> <span class='ocrx_word' id='word_1_166' title='bbox 836 1768 945 1840; x_wconf 85' lang='lat' dir='ltr'>luerit</span> <span class='ocrx_word' id='word_1_167' title='bbox 969 1789 1100 1859; x_wconf 77' lang='lat' dir='ltr'>operae</span> <span class='ocrx_word' id='word_1_168' title='bbox 1152 1768 1310 1837; x_wconf 87' lang='lat' dir='ltr'>nuntiati</span> <span class='ocrx_word' id='word_1_169' title='bbox 1333 1765 1630 1859; x_wconf 88' lang='lat' dir='ltr'>deprehenderis,</span> <span class='ocrx_word' id='word_1_170' title='bbox 1657 1770 1756 1862; x_wconf 93' lang='lat' dir='ltr'>quod</span> <span class='ocrx_word' id='word_1_171' title='bbox 1777 1791 1797 1836; x_wconf 90' lang='lat' dir='ltr'>a</span> <span class='ocrx_word' id='word_1_172' title='bbox 1815 1767 2008 1840; x_wconf 85' lang='lat' dir='ltr'>dialecticis</span> <span class='ocrx_word' id='word_1_173' title='bbox 2024 1770 2062 1840; x_wconf 89' lang='lat' dir='ltr'>in</span> <span class='ocrx_word' id='word_1_174' title='bbox 2077 1765 2147 1841; x_wconf 89' lang='lat' dir='ltr'>boe</span> 
     </span>
     <span class='ocr_line' id='line_1_17' title="bbox 104 1865 2147 1966; baseline 0 -26"><span class='ocrx_word' id='word_1_175' title='bbox 104 1870 264 1964; x_wconf 89' lang='lat' dir='ltr'>pretium</span> <span class='ocrx_word' id='word_1_176' title='bbox 296 1867 568 1940; x_wconf 87' lang='lat' dir='ltr'>instructissima</span> <span class='ocrx_word' id='word_1_177' title='bbox 597 1865 743 1942; x_wconf 86' lang='lat' dir='ltr'>babere.</span> <span class='ocrx_word' id='word_1_178' title='bbox 810 1868 904 1943; x_wconf 82' lang='lat' dir='ltr'>Nam</span> <span class='ocrx_word' id='word_1_179' title='bbox 939 1871 977 1940; x_wconf 92' lang='lat' dir='ltr'>in</span> <span class='ocrx_word' id='word_1_180' title='bbox 1011 1866 1100 1943; x_wconf 88' lang='lat' dir='ltr'>baec</span> <span class='ocrx_word' id='word_1_181' title='bbox 1152 1879 1345 1954; x_wconf 81' lang='lat' dir='ltr'>tractatur,</span> <span class='ocrx_word' id='word_1_182' title='bbox 1371 1882 1412 1940; x_wconf 93' lang='lat' dir='ltr'>ut</span> <span class='ocrx_word' id='word_1_183' title='bbox 1425 1871 1471 1942; x_wconf 90' lang='lat' dir='ltr'>sit</span> <span class='ocrx_word' id='word_1_184' title='bbox 1486 1873 1603 1942; x_wconf 86' lang='lat' dir='ltr'>omnis</span> <span class='ocrx_word' id='word_1_185' title='bbox 1618 1870 1815 1954; x_wconf 87' lang='lat' dir='ltr'>orationis,</span> <span class='ocrx_word' id='word_1_186' title='bbox 1839 1871 2074 1966; x_wconf 87' lang='lat' dir='ltr'>omniumque</span> <span class='ocrx_word' id='word_1_187' title='bbox 2089 1897 2147 1944; x_wconf 74' lang='lat' dir='ltr'>ar-</span> 
     </span>
     <span class='ocr_line' id='line_1_18' title="bbox 105 1969 2147 2067; baseline 0 -24"><span class='ocrx_word' id='word_1_188' title='bbox 105 1969 376 2058; x_wconf 81' lang='lat' dir='ltr'>universitatem</span> <span class='ocrx_word' id='word_1_189' title='bbox 392 1985 545 2055; x_wconf 80' lang='lat' dir='ltr'>naturae</span> <span class='ocrx_word' id='word_1_190' title='bbox 559 1985 671 2044; x_wconf 88' lang='lat' dir='ltr'>totam</span> <span class='ocrx_word' id='word_1_191' title='bbox 688 1974 849 2064; x_wconf 80' lang='lat' dir='ltr'>digerere</span> <span class='ocrx_word' id='word_1_192' title='bbox 866 1974 959 2047; x_wconf 86' lang='lat' dir='ltr'>licet.</span> <span class='ocrx_word' id='word_1_193' title='bbox 1010 1971 1101 2052; x_wconf 85' lang='lat' dir='ltr'>Pro·</span> <span class='ocrx_word' id='word_1_194' title='bbox 1152 1985 1405 2061; x_wconf 80' lang='lat' dir='ltr'>gmnentorum</span> <span class='ocrx_word' id='word_1_195' title='bbox 1428 1997 1492 2045; x_wconf 89' lang='lat' dir='ltr'>ceu</span> <span class='ocrx_word' id='word_1_196' title='bbox 1515 1974 1665 2045; x_wconf 89' lang='lat' dir='ltr'>amussis</span> <span class='ocrx_word' id='word_1_197' title='bbox 1688 1974 1865 2067; x_wconf 89' lang='lat' dir='ltr'>quaedam</span> <span class='ocrx_word' id='word_1_198' title='bbox 1890 1985 1926 2043; x_wconf 84' lang='lat' dir='ltr'>et</span> <span class='ocrx_word' id='word_1_199' title='bbox 1940 1977 2082 2066; x_wconf 79' lang='lat' dir='ltr'>regula,</span> <span class='ocrx_word' id='word_1_200' title='bbox 2106 1975 2147 2046; x_wconf 92' lang='lat' dir='ltr'>id</span> 
     </span>
     <span class='ocr_line' id='line_1_19' title="bbox 103 2071 2146 2170; baseline 0.002 -26"><span class='ocrx_word' id='word_1_201' title='bbox 103 2075 215 2146; x_wconf 88' lang='lat' dir='ltr'>fuerit</span> <span class='ocrx_word' id='word_1_202' title='bbox 249 2073 286 2147; x_wconf 89' lang='lat' dir='ltr'>iu</span> <span class='ocrx_word' id='word_1_203' title='bbox 319 2097 440 2146; x_wconf 86' lang='lat' dir='ltr'>rerum</span> <span class='ocrx_word' id='word_1_204' title='bbox 475 2074 662 2146; x_wconf 73' lang='lat' dir='ltr'>ordinibus</span> <span class='ocrx_word' id='word_1_205' title='bbox 689 2099 853 2147; x_wconf 81' lang='lat' dir='ltr'>exercere</span> <span class='ocrx_word' id='word_1_206' title='bbox 877 2077 1100 2148; x_wconf 85' lang='lat' dir='ltr'>iuventutem</span> <span class='ocrx_word' id='word_1_207' title='bbox 1152 2076 1249 2167; x_wconf 88' lang='lat' dir='ltr'>quod</span> <span class='ocrx_word' id='word_1_208' title='bbox 1281 2071 1477 2168; x_wconf 71' lang='lat' dir='ltr'>intelliges,</span> <span class='ocrx_word' id='word_1_209' title='bbox 1511 2099 1592 2148; x_wconf 93' lang='lat' dir='ltr'>cum</span> <span class='ocrx_word' id='word_1_210' title='bbox 1623 2098 1843 2169; x_wconf 76' lang='lat' dir='ltr'>exposuero,</span> <span class='ocrx_word' id='word_1_211' title='bbox 1875 2076 1962 2170; x_wconf 89' lang='lat' dir='ltr'>quid</span> <span class='ocrx_word' id='word_1_212' title='bbox 1990 2077 2035 2148; x_wconf 89' lang='lat' dir='ltr'>sit</span> <span class='ocrx_word' id='word_1_213' title='bbox 2060 2101 2146 2170; x_wconf 92' lang='lat' dir='ltr'>pro·</span> 
     </span>
     <span class='ocr_line' id='line_1_20' title="bbox 105 2172 1865 2269; baseline 0.001 -25"><span class='ocrx_word' id='word_1_214' title='bbox 105 2177 217 2248; x_wconf 84' lang='lat' dir='ltr'>variis</span> <span class='ocrx_word' id='word_1_215' title='bbox 231 2175 470 2269; x_wconf 70' lang='lat' dir='ltr'>exemplis”)‚</span> <span class='ocrx_word' id='word_1_216' title='bbox 495 2177 749 2262; x_wconf 88' lang='lat' dir='ltr'>animantium,</span> <span class='ocrx_word' id='word_1_217' title='bbox 772 2172 980 2262; x_wconf 87' lang='lat' dir='ltr'>herbarum,</span> <span class='ocrx_word' id='word_1_218' title='bbox 1003 2199 1100 2266; x_wconf 72' lang='lat' dir='ltr'>gem·</span> <span class='ocrx_word' id='word_1_219' title='bbox 1151 2177 1370 2247; x_wconf 82' lang='lat' dir='ltr'>nuntiatum.</span> <span class='ocrx_word' id='word_1_220' title='bbox 1863 2263 1865 2269; x_wconf 13' lang='grc' dir='ltr'><strong>Α</strong></span> 
     </span>
    </p>

    <p class='ocr_par' dir='ltr' id='par_1_5' title="bbox 100 2274 2157 5035">
     <span class='ocr_line' id='line_1_21' title="bbox 105 2274 2144 2374; baseline 0.001 -26"><span class='ocrx_word' id='word_1_221' title='bbox 105 2303 271 2364; x_wconf 87' lang='lat' dir='ltr'>marum,</span> <span class='ocrx_word' id='word_1_222' title='bbox 311 2274 492 2349; x_wconf 88' lang='lat' dir='ltr'>Locorum</span> <span class='ocrx_word' id='word_1_223' title='bbox 520 2280 605 2374; x_wconf 84' lang='lat' dir='ltr'>item</span> <span class='ocrx_word' id='word_1_224' title='bbox 628 2282 898 2364; x_wconf 89' lang='lat' dir='ltr'>communium,</span> <span class='ocrx_word' id='word_1_225' title='bbox 926 2276 1100 2360; x_wconf 87' lang='lat' dir='ltr'>Iustitiae,</span> <span class='ocrx_word' id='word_1_226' title='bbox 1254 2279 1363 2372; x_wconf 86' lang='lat' dir='ltr'>Quod</span> <span class='ocrx_word' id='word_1_227' title='bbox 1393 2277 1561 2349; x_wconf 90' lang='lat' dir='ltr'>nonnulli</span> <span class='ocrx_word' id='word_1_228' title='bbox 1583 2280 1746 2363; x_wconf 81' lang='lat' dir='ltr'>axioma,</span> <span class='ocrx_word' id='word_1_229' title='bbox 1779 2277 1906 2349; x_wconf 90' lang='lat' dir='ltr'>Cicero</span> <span class='ocrx_word' id='word_1_230' title='bbox 1931 2282 2144 2371; x_wconf 90' lang='lat' dir='ltr'>pronuntia-</span> 
     </span>
     <span class='ocr_line' id='line_1_22' title="bbox 104 2379 2145 2476; baseline 0 -24"><span class='ocrx_word' id='word_1_231' title='bbox 104 2379 406 2474; x_wconf 85' lang='lat' dir='ltr'>Temperantiae,</span> <span class='ocrx_word' id='word_1_232' title='bbox 431 2379 718 2469; x_wconf 59' lang='lat' dir='ltr'>viteumouis,</span> <span class='ocrx_word' id='word_1_233' title='bbox 744 2383 929 2466; x_wconf 78' lang='lat' dir='ltr'>fortunae,</span> <span class='ocrx_word' id='word_1_234' title='bbox 951 2380 1100 2454; x_wconf 87' lang='lat' dir='ltr'>etsimi-</span> <span class='ocrx_word' id='word_1_235' title='bbox 1151 2391 1247 2464; x_wconf 90' lang='lat' dir='ltr'>tum,</span> <span class='ocrx_word' id='word_1_236' title='bbox 1273 2381 1336 2450; x_wconf 89' lang='lat' dir='ltr'>alii</span> <span class='ocrx_word' id='word_1_237' title='bbox 1352 2379 1597 2476; x_wconf 87' lang='lat' dir='ltr'>proloquium,</span> <span class='ocrx_word' id='word_1_238' title='bbox 1624 2382 1686 2452; x_wconf 90' lang='lat' dir='ltr'>alii</span> <span class='ocrx_word' id='word_1_239' title='bbox 1705 2381 2003 2466; x_wconf 78' lang='lat' dir='ltr'>enuntiationem,</span> <span class='ocrx_word' id='word_1_240' title='bbox 2028 2385 2145 2454; x_wconf 86' lang='lat' dir='ltr'>nostri</span> 
     </span>
     <span class='ocr_line' id='line_1_23' title="bbox 103 2479 2145 2580; baseline 0.001 -28"><span class='ocrx_word' id='word_1_241' title='bbox 103 2484 208 2556; x_wconf 90' lang='lat' dir='ltr'>lium.</span> <span class='ocrx_word' id='word_1_242' title='bbox 243 2479 318 2554; x_wconf 88' lang='lat' dir='ltr'>lam</span> <span class='ocrx_word' id='word_1_243' title='bbox 335 2482 375 2555; x_wconf 89' lang='lat' dir='ltr'>in</span> <span class='ocrx_word' id='word_1_244' title='bbox 390 2482 664 2557; x_wconf 80' lang='lat' dir='ltr'>finitionibusin</span> <span class='ocrx_word' id='word_1_245' title='bbox 680 2483 806 2576; x_wconf 86' lang='lat' dir='ltr'>primis</span> <span class='ocrx_word' id='word_1_246' title='bbox 822 2507 962 2572; x_wconf 80' lang='lat' dir='ltr'>caussas</span> <span class='ocrx_word' id='word_1_247' title='bbox 977 2505 1098 2555; x_wconf 86' lang='lat' dir='ltr'>rerum</span> <span class='ocrx_word' id='word_1_248' title='bbox 1151 2481 1437 2574; x_wconf 84' lang='lat' dir='ltr'>propositionem</span> <span class='ocrx_word' id='word_1_249' title='bbox 1472 2497 1623 2568; x_wconf 84' lang='lat' dir='ltr'>vocant,</span> <span class='ocrx_word' id='word_1_250' title='bbox 1666 2497 1718 2556; x_wconf 90' lang='lat' dir='ltr'>est</span> <span class='ocrx_word' id='word_1_251' title='bbox 1751 2481 1944 2555; x_wconf 87' lang='lat' dir='ltr'>indicativa</span> <span class='ocrx_word' id='word_1_252' title='bbox 1982 2482 2145 2580; x_wconf 84' lang='lat' dir='ltr'>adeoque</span> 
     </span>
     <span class='ocr_line' id='line_1_24' title="bbox 103 2583 2145 2682; baseline 0 -25"><span class='ocrx_word' id='word_1_253' title='bbox 103 2585 261 2682; x_wconf 89' lang='lat' dir='ltr'>spectari</span> <span class='ocrx_word' id='word_1_254' title='bbox 284 2585 404 2656; x_wconf 90' lang='lat' dir='ltr'>velim.</span> <span class='ocrx_word' id='word_1_255' title='bbox 455 2583 580 2680; x_wconf 86' lang='lat' dir='ltr'>Neque</span> <span class='ocrx_word' id='word_1_256' title='bbox 601 2588 695 2657; x_wconf 89' lang='lat' dir='ltr'>enim</span> <span class='ocrx_word' id='word_1_257' title='bbox 716 2587 809 2656; x_wconf 89' lang='lat' dir='ltr'>ullae</span> <span class='ocrx_word' id='word_1_258' title='bbox 827 2587 1008 2656; x_wconf 85' lang='lat' dir='ltr'>finitiones</span> <span class='ocrx_word' id='word_1_259' title='bbox 1020 2607 1098 2657; x_wconf 86' lang='lat' dir='ltr'>rem</span> <span class='ocrx_word' id='word_1_260' title='bbox 1150 2584 1412 2676; x_wconf 89' lang='lat' dir='ltr'>simplicissima</span> <span class='ocrx_word' id='word_1_261' title='bbox 1433 2586 1564 2670; x_wconf 90' lang='lat' dir='ltr'>oratio,</span> <span class='ocrx_word' id='word_1_262' title='bbox 1592 2607 1661 2680; x_wconf 89' lang='lat' dir='ltr'>qua</span> <span class='ocrx_word' id='word_1_263' title='bbox 1679 2587 1767 2656; x_wconf 89' lang='lat' dir='ltr'>certi</span> <span class='ocrx_word' id='word_1_264' title='bbox 1783 2586 1956 2680; x_wconf 87' lang='lat' dir='ltr'>quiddam</span> <span class='ocrx_word' id='word_1_265' title='bbox 1970 2588 2145 2679; x_wconf 72' lang='lat' dir='ltr'>significa-</span> 
     </span>
     <span class='ocr_line' id='line_1_25' title="bbox 102 2686 2145 2784; baseline 0.001 -26"><span class='ocrx_word' id='word_1_266' title='bbox 102 2688 256 2781; x_wconf 85' lang='lat' dir='ltr'>propius</span> <span class='ocrx_word' id='word_1_267' title='bbox 271 2689 474 2772; x_wconf 77' lang='lat' dir='ltr'>declarant,</span> <span class='ocrx_word' id='word_1_268' title='bbox 501 2714 625 2784; x_wconf 85' lang='lat' dir='ltr'>quam,</span> <span class='ocrx_word' id='word_1_269' title='bbox 650 2713 741 2783; x_wconf 88' lang='lat' dir='ltr'>quae</span> <span class='ocrx_word' id='word_1_270' title='bbox 756 2689 887 2762; x_wconf 85' lang='lat' dir='ltr'>caussis</span> <span class='ocrx_word' id='word_1_271' title='bbox 903 2700 1101 2760; x_wconf 80' lang='lat' dir='ltr'>contexuu-</span> <span class='ocrx_word' id='word_1_272' title='bbox 1152 2696 1229 2772; x_wconf 90' lang='lat' dir='ltr'>tur,</span> <span class='ocrx_word' id='word_1_273' title='bbox 1259 2699 1300 2758; x_wconf 90' lang='lat' dir='ltr'>ut</span> <span class='ocrx_word' id='word_1_274' title='bbox 1320 2686 1447 2758; x_wconf 91' lang='lat' dir='ltr'>Cicero</span> <span class='ocrx_word' id='word_1_275' title='bbox 1471 2699 1524 2759; x_wconf 88' lang='lat' dir='ltr'>est</span> <span class='ocrx_word' id='word_1_276' title='bbox 1547 2701 1692 2772; x_wconf 89' lang='lat' dir='ltr'>orator,</span> <span class='ocrx_word' id='word_1_277' title='bbox 1727 2687 1858 2758; x_wconf 87' lang='lat' dir='ltr'>Caesar</span> <span class='ocrx_word' id='word_1_278' title='bbox 1880 2687 2145 2782; x_wconf 78' lang='lat' dir='ltr'>vicitPompe·</span> 
     </span>
     <span class='ocr_line' id='line_1_26' title="bbox 102 2788 2145 2885; baseline 0 -24"><span class='ocrx_word' id='word_1_279' title='bbox 102 2804 178 2862; x_wconf 87' lang='lat' dir='ltr'>tur.</span> <span class='ocrx_word' id='word_1_280' title='bbox 229 2789 401 2860; x_wconf 79' lang='lat' dir='ltr'>Proxima</span> <span class='ocrx_word' id='word_1_281' title='bbox 425 2813 510 2880; x_wconf 83' lang='lat' dir='ltr'>ergo</span> <span class='ocrx_word' id='word_1_282' title='bbox 536 2791 692 2860; x_wconf 82' lang='lat' dir='ltr'>finitioni</span> <span class='ocrx_word' id='word_1_283' title='bbox 716 2792 877 2885; x_wconf 82' lang='lat' dir='ltr'>quaestio</span> <span class='ocrx_word' id='word_1_284' title='bbox 893 2813 1098 2862; x_wconf 80' lang='lat' dir='ltr'>caussarum</span> <span class='ocrx_word' id='word_1_285' title='bbox 1151 2788 1248 2874; x_wconf 92' lang='lat' dir='ltr'>ium,</span> <span class='ocrx_word' id='word_1_286' title='bbox 1278 2789 1413 2860; x_wconf 84' lang='lat' dir='ltr'>invidia</span> <span class='ocrx_word' id='word_1_287' title='bbox 1438 2813 1558 2861; x_wconf 87' lang='lat' dir='ltr'>eomes</span> <span class='ocrx_word' id='word_1_288' title='bbox 1572 2803 1625 2862; x_wconf 92' lang='lat' dir='ltr'>est</span> <span class='ocrx_word' id='word_1_289' title='bbox 1638 2790 1792 2862; x_wconf 84' lang='lat' dir='ltr'>virtutis.</span> <span class='ocrx_word' id='word_1_290' title='bbox 1843 2789 1968 2862; x_wconf 82' lang='lat' dir='ltr'>Partes</span> <span class='ocrx_word' id='word_1_291' title='bbox 1986 2793 2145 2862; x_wconf 86' lang='lat' dir='ltr'>axioma·</span> 
     </span>
     <span class='ocr_line' id='line_1_27' title="bbox 103 2891 2157 2990; baseline 0 -26"><span class='ocrx_word' id='word_1_292' title='bbox 103 2907 178 2978; x_wconf 86' lang='lat' dir='ltr'>est,</span> <span class='ocrx_word' id='word_1_293' title='bbox 211 2895 307 2962; x_wconf 89' lang='lat' dir='ltr'>unde</span> <span class='ocrx_word' id='word_1_294' title='bbox 332 2905 415 2987; x_wconf 83' lang='lat' dir='ltr'>nata</span> <span class='ocrx_word' id='word_1_295' title='bbox 439 2897 496 2964; x_wconf 83' lang='lat' dir='ltr'>res</span> <span class='ocrx_word' id='word_1_296' title='bbox 519 2893 566 2963; x_wconf 91' lang='lat' dir='ltr'>sit</span> <span class='ocrx_word' id='word_1_297' title='bbox 580 2891 649 2990; x_wconf 74' lang='lat'>²⁸),</span> <span class='ocrx_word' id='word_1_298' title='bbox 683 2907 745 2962; x_wconf 88' lang='lat' dir='ltr'>aut</span> <span class='ocrx_word' id='word_1_299' title='bbox 769 2893 940 2987; x_wconf 88' lang='lat' dir='ltr'>aquibus</span> <span class='ocrx_word' id='word_1_300' title='bbox 964 2891 1101 2964; x_wconf 90' lang='lat' dir='ltr'>autori·</span> <span class='ocrx_word' id='word_1_301' title='bbox 1151 2891 1216 2974; x_wconf 91' lang='lat' dir='ltr'>tis,</span> <span class='ocrx_word' id='word_1_302' title='bbox 1247 2893 1446 2962; x_wconf 88' lang='lat' dir='ltr'>subiectum</span> <span class='ocrx_word' id='word_1_303' title='bbox 1471 2905 1506 2962; x_wconf 88' lang='lat' dir='ltr'>et</span> <span class='ocrx_word' id='word_1_304' title='bbox 1533 2893 1800 2985; x_wconf 87' lang='lat' dir='ltr'>praedicatum,</span> <span class='ocrx_word' id='word_1_305' title='bbox 1834 2905 1977 2964; x_wconf 87' lang='lat' dir='ltr'>vocant.</span> <span class='ocrx_word' id='word_1_306' title='bbox 2036 2893 2157 2967; x_wconf 66' lang='lat' dir='ltr'>Prior*</span> 
     </span>
     <span class='ocr_line' id='line_1_28' title="bbox 101 2989 2145 3090; baseline 0 -24"><span class='ocrx_word' id='word_1_307' title='bbox 101 2997 172 3068; x_wconf 83' lang='lat' dir='ltr'>bus</span> <span class='ocrx_word' id='word_1_308' title='bbox 192 2997 366 3086; x_wconf 87' lang='lat' dir='ltr'>prolecta.</span> <span class='ocrx_word' id='word_1_309' title='bbox 418 2989 595 3068; x_wconf 80' lang='lat' dir='ltr'>Postlraec</span> <span class='ocrx_word' id='word_1_310' title='bbox 612 2995 827 3090; x_wconf 89' lang='lat' dir='ltr'>inquiritur,</span> <span class='ocrx_word' id='word_1_311' title='bbox 854 2996 901 3068; x_wconf 91' lang='lat' dir='ltr'>ad</span> <span class='ocrx_word' id='word_1_312' title='bbox 921 2995 1033 3068; x_wconf 91' lang='lat' dir='ltr'>multa</span> <span class='ocrx_word' id='word_1_313' title='bbox 1053 3018 1100 3066; x_wconf 86' lang='lat' dir='ltr'>ue</span> <span class='ocrx_word' id='word_1_314' title='bbox 1150 3017 1248 3085; x_wconf 85' lang='lat' dir='ltr'>pars,</span> <span class='ocrx_word' id='word_1_315' title='bbox 1270 2997 1328 3065; x_wconf 92' lang='lat' dir='ltr'>cui</span> <span class='ocrx_word' id='word_1_316' title='bbox 1345 2995 1431 3090; x_wconf 90' lang='lat' dir='ltr'>quid</span> <span class='ocrx_word' id='word_1_317' title='bbox 1450 2995 1671 3081; x_wconf 84' lang='lat' dir='ltr'>attribuitur,</span> <span class='ocrx_word' id='word_1_318' title='bbox 1696 2995 1893 3067; x_wconf 89' lang='lat' dir='ltr'>subiectum</span> <span class='ocrx_word' id='word_1_319' title='bbox 1912 3009 1975 3068; x_wconf 89' lang='lat' dir='ltr'>est.</span> <span class='ocrx_word' id='word_1_320' title='bbox 2020 2997 2145 3069; x_wconf 86' lang='lat' dir='ltr'>Poste-</span> 
     </span>
     <span class='ocr_line' id='line_1_29' title="bbox 101 3094 2144 3192; baseline 0.001 -25"><span class='ocrx_word' id='word_1_321' title='bbox 101 3097 286 3190; x_wconf 89' lang='lat' dir='ltr'>pertiueat</span> <span class='ocrx_word' id='word_1_322' title='bbox 301 3094 441 3180; x_wconf 89' lang='lat' dir='ltr'>thema,</span> <span class='ocrx_word' id='word_1_323' title='bbox 462 3121 569 3190; x_wconf 89' lang='lat' dir='ltr'>quam</span> <span class='ocrx_word' id='word_1_324' title='bbox 588 3099 833 3192; x_wconf 86' lang='lat' dir='ltr'>quaestionem</span> <span class='ocrx_word' id='word_1_325' title='bbox 850 3096 998 3180; x_wconf 87' lang='lat' dir='ltr'>divisio,</span> <span class='ocrx_word' id='word_1_326' title='bbox 1017 3122 1098 3170; x_wconf 92' lang='lat' dir='ltr'>cum</span> <span class='ocrx_word' id='word_1_327' title='bbox 1150 3094 1227 3166; x_wconf 93' lang='lat' dir='ltr'>rior</span> <span class='ocrx_word' id='word_1_328' title='bbox 1247 3121 1351 3188; x_wconf 87' lang='lat' dir='ltr'>pars,</span> <span class='ocrx_word' id='word_1_329' title='bbox 1379 3121 1470 3192; x_wconf 90' lang='lat' dir='ltr'>quae</span> <span class='ocrx_word' id='word_1_330' title='bbox 1493 3099 1654 3170; x_wconf 88' lang='lat' dir='ltr'>subiecto</span> <span class='ocrx_word' id='word_1_331' title='bbox 1676 3098 1867 3182; x_wconf 86' lang='lat' dir='ltr'>tribuitur,</span> <span class='ocrx_word' id='word_1_332' title='bbox 1896 3099 2144 3190; x_wconf 87' lang='lat' dir='ltr'>praedicatum</span> 
     </span>
     <span class='ocr_line' id='line_1_30' title="bbox 102 3195 2145 3294; baseline 0.002 -26"><span class='ocrx_word' id='word_1_333' title='bbox 102 3202 142 3268; x_wconf 91' lang='lat' dir='ltr'>in</span> <span class='ocrx_word' id='word_1_334' title='bbox 159 3199 315 3292; x_wconf 86' lang='lat' dir='ltr'>species,</span> <span class='ocrx_word' id='word_1_335' title='bbox 338 3212 415 3270; x_wconf 90' lang='lat' dir='ltr'>tum</span> <span class='ocrx_word' id='word_1_336' title='bbox 435 3199 472 3267; x_wconf 95' lang='lat' dir='ltr'>in</span> <span class='ocrx_word' id='word_1_337' title='bbox 489 3212 627 3290; x_wconf 88' lang='lat' dir='ltr'>partes,</span> <span class='ocrx_word' id='word_1_338' title='bbox 653 3202 828 3283; x_wconf 88' lang='lat' dir='ltr'>declarat,</span> <span class='ocrx_word' id='word_1_339' title='bbox 854 3213 914 3282; x_wconf 91' lang='lat' dir='ltr'>ut,</span> <span class='ocrx_word' id='word_1_340' title='bbox 940 3198 1099 3270; x_wconf 89' lang='lat' dir='ltr'>Iustitiae</span> <span class='ocrx_word' id='word_1_341' title='bbox 1151 3212 1215 3268; x_wconf 86' lang='lat' dir='ltr'>est.</span> <span class='ocrx_word' id='word_1_342' title='bbox 1265 3200 1384 3294; x_wconf 82' lang='lat' dir='ltr'>Atque</span> <span class='ocrx_word' id='word_1_343' title='bbox 1408 3195 1496 3268; x_wconf 86' lang='lat' dir='ltr'>baec</span> <span class='ocrx_word' id='word_1_344' title='bbox 1518 3202 1666 3268; x_wconf 90' lang='lat' dir='ltr'>nomina</span> <span class='ocrx_word' id='word_1_345' title='bbox 1683 3200 1830 3272; x_wconf 86' lang='lat' dir='ltr'>Graecis</span> <span class='ocrx_word' id='word_1_346' title='bbox 1853 3200 2034 3274; x_wconf 87' lang='lat' dir='ltr'>debemus.</span> <span class='ocrx_word' id='word_1_347' title='bbox 2086 3201 2145 3272; x_wconf 90' lang='lat' dir='ltr'>ln·</span> 
     </span>
     <span class='ocr_line' id='line_1_31' title="bbox 103 3300 2144 3396; baseline 0.002 -26"><span class='ocrx_word' id='word_1_348' title='bbox 103 3304 141 3372; x_wconf 92' lang='lat' dir='ltr'>in</span> <span class='ocrx_word' id='word_1_349' title='bbox 167 3327 246 3372; x_wconf 87' lang='lat' dir='ltr'>eam</span> <span class='ocrx_word' id='word_1_350' title='bbox 257 3356 269 3396; x_wconf 82' lang='lat'>‚</span> <span class='ocrx_word' id='word_1_351' title='bbox 303 3300 453 3396; x_wconf 89' lang='lat' dir='ltr'>quaein</span> <span class='ocrx_word' id='word_1_352' title='bbox 476 3301 716 3374; x_wconf 87' lang='lat' dir='ltr'>contractibus</span> <span class='ocrx_word' id='word_1_353' title='bbox 735 3313 919 3386; x_wconf 86' lang='lat' dir='ltr'>versatur,</span> <span class='ocrx_word' id='word_1_354' title='bbox 952 3314 987 3371; x_wconf 90' lang='lat' dir='ltr'>et</span> <span class='ocrx_word' id='word_1_355' title='bbox 1006 3325 1099 3384; x_wconf 89' lang='lat' dir='ltr'>eam,</span> <span class='ocrx_word' id='word_1_356' title='bbox 1150 3312 1287 3390; x_wconf 76' lang='lat' dir='ltr'>tagram</span> <span class='ocrx_word' id='word_1_357' title='bbox 1304 3300 1505 3370; x_wconf 87' lang='lat' dir='ltr'>orationem</span> <span class='ocrx_word' id='word_1_358' title='bbox 1526 3325 1601 3372; x_wconf 89' lang='lat' dir='ltr'>esse</span> <span class='ocrx_word' id='word_1_359' title='bbox 1616 3325 1756 3374; x_wconf 87' lang='lat' dir='ltr'>necesse</span> <span class='ocrx_word' id='word_1_360' title='bbox 1772 3313 1843 3386; x_wconf 90' lang='lat' dir='ltr'>est,</span> <span class='ocrx_word' id='word_1_361' title='bbox 1870 3302 1951 3371; x_wconf 89' lang='lat' dir='ltr'>ideo</span> <span class='ocrx_word' id='word_1_362' title='bbox 1970 3327 2012 3373; x_wconf 84' lang='lat' dir='ltr'>ex</span> <span class='ocrx_word' id='word_1_363' title='bbox 2026 3307 2144 3374; x_wconf 92' lang='lat' dir='ltr'>nomi-</span> 
     </span>
     <span class='ocr_line' id='line_1_32' title="bbox 104 3399 2144 3500; baseline 0 -26"><span class='ocrx_word' id='word_1_364' title='bbox 104 3428 201 3500; x_wconf 88' lang='lat' dir='ltr'>quae</span> <span class='ocrx_word' id='word_1_365' title='bbox 222 3404 338 3474; x_wconf 87' lang='lat' dir='ltr'>bouus</span> <span class='ocrx_word' id='word_1_366' title='bbox 362 3403 532 3496; x_wconf 87' lang='lat' dir='ltr'>praemiis</span> <span class='ocrx_word' id='word_1_367' title='bbox 553 3417 678 3495; x_wconf 79' lang='lat' dir='ltr'>auget,</span> <span class='ocrx_word' id='word_1_368' title='bbox 704 3407 748 3472; x_wconf 92' lang='lat' dir='ltr'>de</span> <span class='ocrx_word' id='word_1_369' title='bbox 765 3404 868 3473; x_wconf 89' lang='lat' dir='ltr'>malis</span> <span class='ocrx_word' id='word_1_370' title='bbox 883 3402 1097 3494; x_wconf 89' lang='lat' dir='ltr'>supplicium</span> <span class='ocrx_word' id='word_1_371' title='bbox 1151 3403 1257 3474; x_wconf 89' lang='lat' dir='ltr'>nibus</span> <span class='ocrx_word' id='word_1_372' title='bbox 1285 3415 1321 3473; x_wconf 89' lang='lat' dir='ltr'>et</span> <span class='ocrx_word' id='word_1_373' title='bbox 1352 3403 1472 3474; x_wconf 86' lang='lat' dir='ltr'>verbis</span> <span class='ocrx_word' id='word_1_374' title='bbox 1496 3415 1656 3488; x_wconf 86' lang='lat' dir='ltr'>constat,</span> <span class='ocrx_word' id='word_1_375' title='bbox 1698 3404 1828 3498; x_wconf 85' lang='lat' dir='ltr'>quibus</span> <span class='ocrx_word' id='word_1_376' title='bbox 1853 3399 1945 3473; x_wconf 89' lang='lat' dir='ltr'>nibil</span> <span class='ocrx_word' id='word_1_377' title='bbox 1967 3409 2144 3494; x_wconf 87' lang='lat' dir='ltr'>retulerit,</span> 
     </span>
     <span class='ocr_line' id='line_1_33' title="bbox 103 3501 2142 3600; baseline -0.003 -17"><span class='ocrx_word' id='word_1_378' title='bbox 103 3507 228 3583; x_wconf 88' lang='lat' dir='ltr'>sumit.</span> <span class='ocrx_word' id='word_1_379' title='bbox 283 3503 337 3576; x_wconf 87' lang='lat' dir='ltr'>lbi</span> <span class='ocrx_word' id='word_1_380' title='bbox 360 3529 421 3576; x_wconf 90' lang='lat' dir='ltr'>sua</span> <span class='ocrx_word' id='word_1_381' title='bbox 448 3517 532 3577; x_wconf 90' lang='lat' dir='ltr'>sunt</span> <span class='ocrx_word' id='word_1_382' title='bbox 556 3505 669 3575; x_wconf 85' lang='lat' dir='ltr'>olllcia</span> <span class='ocrx_word' id='word_1_383' title='bbox 697 3505 846 3600; x_wconf 88' lang='lat' dir='ltr'>cuique,</span> <span class='ocrx_word' id='word_1_384' title='bbox 879 3517 986 3600; x_wconf 89' lang='lat' dir='ltr'>atque</span> <span class='ocrx_word' id='word_1_385' title='bbox 1011 3501 1100 3575; x_wconf 91' lang='lat' dir='ltr'>baec</span> <span class='ocrx_word' id='word_1_386' title='bbox 1150 3506 1264 3578; x_wconf 81' lang='lat' dir='ltr'>simbi</span> <span class='ocrx_word' id='word_1_387' title='bbox 1287 3505 1398 3577; x_wconf 86' lang='lat' dir='ltr'>addas</span> <span class='ocrx_word' id='word_1_388' title='bbox 1419 3507 1587 3575; x_wconf 82' lang='lat' dir='ltr'>adverbia</span> <span class='ocrx_word' id='word_1_389' title='bbox 1604 3519 1666 3576; x_wconf 91' lang='lat' dir='ltr'>ant</span> <span class='ocrx_word' id='word_1_390' title='bbox 1683 3529 1775 3600; x_wconf 91' lang='lat' dir='ltr'>quae</span> <span class='ocrx_word' id='word_1_391' title='bbox 1793 3517 1942 3590; x_wconf 86' lang='lat' dir='ltr'>vocant,</span> <span class='ocrx_word' id='word_1_392' title='bbox 1968 3509 2142 3578; x_wconf 85' lang='lat' dir='ltr'>adiectiva</span> 
     </span>
     <span class='ocr_line' id='line_1_34' title="bbox 102 3607 2143 3704; baseline 0 -22"><span class='ocrx_word' id='word_1_393' title='bbox 102 3611 271 3704; x_wconf 87' lang='lat' dir='ltr'>pluribus</span> <span class='ocrx_word' id='word_1_394' title='bbox 294 3607 464 3700; x_wconf 81' lang='lat' dir='ltr'>exemplis</span> <span class='ocrx_word' id='word_1_395' title='bbox 489 3609 537 3678; x_wconf 91' lang='lat' dir='ltr'>ita</span> <span class='ocrx_word' id='word_1_396' title='bbox 564 3611 757 3679; x_wconf 85' lang='lat' dir='ltr'>exercenda</span> <span class='ocrx_word' id='word_1_397' title='bbox 782 3619 884 3692; x_wconf 90' lang='lat' dir='ltr'>sunt,</span> <span class='ocrx_word' id='word_1_398' title='bbox 910 3622 950 3678; x_wconf 90' lang='lat' dir='ltr'>ut</span> <span class='ocrx_word' id='word_1_399' title='bbox 973 3611 1098 3678; x_wconf 87' lang='lat' dir='ltr'>adsue·</span> <span class='ocrx_word' id='word_1_400' title='bbox 1150 3609 1321 3692; x_wconf 90' lang='lat' dir='ltr'>uomina,</span> <span class='ocrx_word' id='word_1_401' title='bbox 1354 3609 1552 3679; x_wconf 87' lang='lat' dir='ltr'>utlortiter</span> <span class='ocrx_word' id='word_1_402' title='bbox 1568 3608 1743 3700; x_wconf 84' lang='lat' dir='ltr'>pugnavit</span> <span class='ocrx_word' id='word_1_403' title='bbox 1759 3607 1915 3692; x_wconf 89' lang='lat' dir='ltr'>Marius,</span> <span class='ocrx_word' id='word_1_404' title='bbox 1943 3621 2025 3695; x_wconf 86' lang='lat' dir='ltr'>aut,</span> <span class='ocrx_word' id='word_1_405' title='bbox 2057 3612 2143 3683; x_wconf 80' lang='lat' dir='ltr'>urbs</span> 
     </span>
     <span class='ocr_line' id='line_1_35' title="bbox 102 3706 2142 3806; baseline -0.002 -19"><span class='ocrx_word' id='word_1_406' title='bbox 102 3727 181 3787; x_wconf 85' lang='lat' dir='ltr'>scat</span> <span class='ocrx_word' id='word_1_407' title='bbox 216 3713 402 3797; x_wconf 90' lang='lat' dir='ltr'>iuventus,</span> <span class='ocrx_word' id='word_1_408' title='bbox 453 3733 668 3806; x_wconf 89' lang='lat' dir='ltr'>quocunque</span> <span class='ocrx_word' id='word_1_409' title='bbox 706 3706 863 3780; x_wconf 88' lang='lat' dir='ltr'>themate</span> <span class='ocrx_word' id='word_1_410' title='bbox 898 3709 1098 3804; x_wconf 87' lang='lat' dir='ltr'>proposito,</span> <span class='ocrx_word' id='word_1_411' title='bbox 1151 3711 1297 3806; x_wconf 88' lang='lat' dir='ltr'>antiqua</span> <span class='ocrx_word' id='word_1_412' title='bbox 1327 3710 1411 3781; x_wconf 87' lang='lat' dir='ltr'>ruit.</span> <span class='ocrx_word' id='word_1_413' title='bbox 1470 3710 1637 3780; x_wconf 86' lang='lat' dir='ltr'>Breviter</span> <span class='ocrx_word' id='word_1_414' title='bbox 1670 3711 1976 3802; x_wconf 79' lang='lat' dir='ltr'>agrammaticis,</span> <span class='ocrx_word' id='word_1_415' title='bbox 2014 3713 2089 3782; x_wconf 89' lang='lat' dir='ltr'>imo</span> <span class='ocrx_word' id='word_1_416' title='bbox 2122 3736 2142 3783; x_wconf 90' lang='lat' dir='ltr'>a</span> 
     </span>
     <span class='ocr_line' id='line_1_36' title="bbox 103 3809 2143 3908; baseline -0.002 -19"><span class='ocrx_word' id='word_1_417' title='bbox 103 3817 227 3890; x_wconf 88' lang='lat' dir='ltr'>statim</span> <span class='ocrx_word' id='word_1_418' title='bbox 252 3816 328 3885; x_wconf 75' lang='lat' dir='ltr'>eius</span> <span class='ocrx_word' id='word_1_419' title='bbox 349 3826 516 3884; x_wconf 87' lang='lat' dir='ltr'>naturam</span> <span class='ocrx_word' id='word_1_420' title='bbox 536 3825 570 3883; x_wconf 92' lang='lat' dir='ltr'>et</span> <span class='ocrx_word' id='word_1_421' title='bbox 586 3813 828 3902; x_wconf 70' lang='lat' dir='ltr'>conditionem</span> <span class='ocrx_word' id='word_1_422' title='bbox 846 3815 890 3882; x_wconf 92' lang='lat' dir='ltr'>ad</span> <span class='ocrx_word' id='word_1_423' title='bbox 908 3809 973 3884; x_wconf 88' lang='lat' dir='ltr'>bas</span> <span class='ocrx_word' id='word_1_424' title='bbox 990 3835 1097 3908; x_wconf 80' lang='lat' dir='ltr'>quae·</span> <span class='ocrx_word' id='word_1_425' title='bbox 1150 3814 1336 3883; x_wconf 92' lang='lat' dir='ltr'>communi</span> <span class='ocrx_word' id='word_1_426' title='bbox 1350 3837 1455 3885; x_wconf 88' lang='lat' dir='ltr'>sensu</span> <span class='ocrx_word' id='word_1_427' title='bbox 1472 3826 1572 3905; x_wconf 92' lang='lat' dir='ltr'>pete,</span> <span class='ocrx_word' id='word_1_428' title='bbox 1599 3837 1692 3908; x_wconf 89' lang='lat' dir='ltr'>quae</span> <span class='ocrx_word' id='word_1_429' title='bbox 1708 3813 1754 3883; x_wconf 90' lang='lat' dir='ltr'>sit</span> <span class='ocrx_word' id='word_1_430' title='bbox 1770 3815 1928 3905; x_wconf 83' lang='lat' dir='ltr'>integra,</span> <span class='ocrx_word' id='word_1_431' title='bbox 1949 3827 2063 3902; x_wconf 89' lang='lat' dir='ltr'>certa,</span> <span class='ocrx_word' id='word_1_432' title='bbox 2088 3817 2143 3885; x_wconf 90' lang='lat' dir='ltr'>in-</span> 
     </span>
     <span class='ocr_line' id='line_1_37' title="bbox 102 3915 2103 4012; baseline 0 -20"><span class='ocrx_word' id='word_1_433' title='bbox 102 3919 241 3992; x_wconf 88' lang='lat' dir='ltr'>stiones</span> <span class='ocrx_word' id='word_1_434' title='bbox 262 3917 414 4008; x_wconf 79' lang='lat' dir='ltr'>exigere.</span> <span class='ocrx_word' id='word_1_435' title='bbox 465 3915 558 3987; x_wconf 87' lang='lat' dir='ltr'>Nam</span> <span class='ocrx_word' id='word_1_436' title='bbox 581 3917 629 3986; x_wconf 89' lang='lat' dir='ltr'>ita</span> <span class='ocrx_word' id='word_1_437' title='bbox 654 3917 734 4002; x_wconf 90' lang='lat' dir='ltr'>liet,</span> <span class='ocrx_word' id='word_1_438' title='bbox 759 3927 800 3987; x_wconf 92' lang='lat' dir='ltr'>ut</span> <span class='ocrx_word' id='word_1_439' title='bbox 822 3939 914 4010; x_wconf 88' lang='lat' dir='ltr'>quae</span> <span class='ocrx_word' id='word_1_440' title='bbox 930 3917 1096 3988; x_wconf 91' lang='lat' dir='ltr'>discenda</span> <span class='ocrx_word' id='word_1_441' title='bbox 1149 3917 1377 4012; x_wconf 84' lang='lat' dir='ltr'>dicativaque</span> <span class='ocrx_word' id='word_1_442' title='bbox 1391 3917 1530 4000; x_wconf 88' lang='lat' dir='ltr'>oratio,</span> <span class='ocrx_word' id='word_1_443' title='bbox 1555 3939 1635 3986; x_wconf 89' lang='lat' dir='ltr'>eam</span> <span class='ocrx_word' id='word_1_444' title='bbox 1656 3917 1930 4008; x_wconf 89' lang='lat' dir='ltr'>pronuntiatum</span> <span class='ocrx_word' id='word_1_445' title='bbox 1948 3919 2103 3994; x_wconf 83' lang='lat' dir='ltr'>vocabis.</span> 
     </span>
     <span class='ocr_line' id='line_1_38' title="bbox 102 4014 1160 4111; baseline -0.005 -19"><span class='ocrx_word' id='word_1_446' title='bbox 102 4033 210 4108; x_wconf 71' lang='lat' dir='ltr'>sunt,</span> <span class='ocrx_word' id='word_1_447' title='bbox 235 4021 340 4091; x_wconf 86' lang='lat' dir='ltr'>certis</span> <span class='ocrx_word' id='word_1_448' title='bbox 362 4014 619 4110; x_wconf 87' lang='lat' dir='ltr'>comprehensa</span> <span class='ocrx_word' id='word_1_449' title='bbox 640 4019 771 4090; x_wconf 76' lang='lat' dir='ltr'>finibus</span> <span class='ocrx_word' id='word_1_450' title='bbox 794 4019 831 4086; x_wconf 92' lang='lat' dir='ltr'>in</span> <span class='ocrx_word' id='word_1_451' title='bbox 848 4032 1018 4111; x_wconf 92' lang='lat' dir='ltr'>promptu</span> <span class='ocrx_word' id='word_1_452' title='bbox 1033 4015 1098 4088; x_wconf 88' lang='lat' dir='ltr'>ha·</span> <span class='ocrx_word' id='word_1_453' title='bbox 1139 4019 1160 4096; x_wconf 66' lang='lat'>‚⁸</span> 
     </span>
     <span class='ocr_line' id='line_1_39' title="bbox 101 4117 1116 4214; baseline -0.006 -18"><span class='ocrx_word' id='word_1_454' title='bbox 101 4127 267 4196; x_wconf 87' lang='lat' dir='ltr'>beamus.</span> <span class='ocrx_word' id='word_1_455' title='bbox 318 4121 382 4193; x_wconf 85' lang='lat' dir='ltr'>Est</span> <span class='ocrx_word' id='word_1_456' title='bbox 405 4122 500 4190; x_wconf 90' lang='lat' dir='ltr'>enim</span> <span class='ocrx_word' id='word_1_457' title='bbox 526 4145 568 4192; x_wconf 86' lang='lat' dir='ltr'>ex</span> <span class='ocrx_word' id='word_1_458' title='bbox 584 4117 652 4191; x_wconf 91' lang='lat' dir='ltr'>hac</span> <span class='ocrx_word' id='word_1_459' title='bbox 669 4121 868 4192; x_wconf 88' lang='lat' dir='ltr'>dialectices</span> <span class='ocrx_word' id='word_1_460' title='bbox 880 4135 1004 4214; x_wconf 87' lang='lat' dir='ltr'>parte,</span> <span class='ocrx_word' id='word_1_461' title='bbox 1032 4124 1116 4213; x_wconf 81' lang='lat' dir='ltr'>par‘</span> 
     </span>
     <span class='ocr_line' id='line_1_40' title="bbox 103 4221 2140 4318; baseline 0.002 -18"><span class='ocrx_word' id='word_1_462' title='bbox 103 4223 345 4300; x_wconf 86' lang='lat' dir='ltr'>commoditas</span> <span class='ocrx_word' id='word_1_463' title='bbox 379 4225 614 4308; x_wconf 88' lang='lat' dir='ltr'>discentibus,</span> <span class='ocrx_word' id='word_1_464' title='bbox 652 4249 693 4293; x_wconf 91' lang='lat' dir='ltr'>ac</span> <span class='ocrx_word' id='word_1_465' title='bbox 725 4221 946 4296; x_wconf 89' lang='lat' dir='ltr'>docentibus.</span> <span class='ocrx_word' id='word_1_466' title='bbox 1004 4223 1097 4294; x_wconf 74' lang='lat' dir='ltr'>Suaie</span> <span class='ocrx_word' id='word_1_467' title='bbox 1253 4221 1557 4318; x_wconf 84' lang='lat' dir='ltr'>Quandoquidem</span> <span class='ocrx_word' id='word_1_468' title='bbox 1573 4222 1711 4296; x_wconf 90' lang='lat' dir='ltr'>institui</span> <span class='ocrx_word' id='word_1_469' title='bbox 1726 4227 1903 4298; x_wconf 85' lang='lat' dir='ltr'>rationem</span> <span class='ocrx_word' id='word_1_470' title='bbox 1920 4227 2140 4305; x_wconf 87' lang='lat' dir='ltr'>dialecticam</span> 
     </span>
     <span class='ocr_line' id='line_1_41' title="bbox 100 4325 2143 4425; baseline 0.005 -26"><span class='ocrx_word' id='word_1_471' title='bbox 100 4327 217 4407; x_wconf 77' lang='lat' dir='ltr'>fabris</span> <span class='ocrx_word' id='word_1_472' title='bbox 240 4329 385 4419; x_wconf 82' lang='lat' dir='ltr'>regulae</span> <span class='ocrx_word' id='word_1_473' title='bbox 406 4338 509 4412; x_wconf 86' lang='lat' dir='ltr'>sunt,</span> <span class='ocrx_word' id='word_1_474' title='bbox 536 4327 592 4398; x_wconf 85' lang='lat' dir='ltr'>lila</span> <span class='ocrx_word' id='word_1_475' title='bbox 611 4339 646 4396; x_wconf 94' lang='lat' dir='ltr'>et</span> <span class='ocrx_word' id='word_1_476' title='bbox 662 4349 838 4408; x_wconf 88' lang='lat' dir='ltr'>amusses,</span> <span class='ocrx_word' id='word_1_477' title='bbox 864 4325 913 4395; x_wconf 91' lang='lat' dir='ltr'>ita</span> <span class='ocrx_word' id='word_1_478' title='bbox 932 4327 1097 4397; x_wconf 90' lang='lat' dir='ltr'>discenti·</span> <span class='ocrx_word' id='word_1_479' title='bbox 1149 4347 1320 4395; x_wconf 78' lang='lat' dir='ltr'>revocare</span> <span class='ocrx_word' id='word_1_480' title='bbox 1351 4327 1396 4394; x_wconf 93' lang='lat' dir='ltr'>ad</span> <span class='ocrx_word' id='word_1_481' title='bbox 1427 4326 1540 4394; x_wconf 90' lang='lat' dir='ltr'>animi</span> <span class='ocrx_word' id='word_1_482' title='bbox 1561 4327 1732 4400; x_wconf 91' lang='lat' dir='ltr'>iudicium</span> <span class='ocrx_word' id='word_1_483' title='bbox 1762 4329 1896 4425; x_wconf 88' lang='lat' dir='ltr'>(neque</span> <span class='ocrx_word' id='word_1_484' title='bbox 1919 4335 2014 4404; x_wconf 90' lang='lat' dir='ltr'>enim</span> <span class='ocrx_word' id='word_1_485' title='bbox 2034 4337 2143 4409; x_wconf 88' lang='lat' dir='ltr'>aliter</span> 
     </span>
     <span class='ocr_line' id='line_1_42' title="bbox 100 4427 2142 4530; baseline 0.003 -26"><span class='ocrx_word' id='word_1_486' title='bbox 100 4435 173 4504; x_wconf 87' lang='lat' dir='ltr'>bus</span> <span class='ocrx_word' id='word_1_487' title='bbox 192 4453 334 4501; x_wconf 90' lang='lat' dir='ltr'>necesse</span> <span class='ocrx_word' id='word_1_488' title='bbox 357 4441 409 4501; x_wconf 91' lang='lat' dir='ltr'>est</span> <span class='ocrx_word' id='word_1_489' title='bbox 430 4453 513 4500; x_wconf 89' lang='lat' dir='ltr'>suos</span> <span class='ocrx_word' id='word_1_490' title='bbox 536 4429 709 4524; x_wconf 88' lang='lat' dir='ltr'>quosdam</span> <span class='ocrx_word' id='word_1_491' title='bbox 731 4427 865 4500; x_wconf 89' lang='lat' dir='ltr'>indices</span> <span class='ocrx_word' id='word_1_492' title='bbox 889 4453 981 4515; x_wconf 89' lang='lat' dir='ltr'>esse,</span> <span class='ocrx_word' id='word_1_493' title='bbox 1008 4453 1098 4525; x_wconf 93' lang='lat' dir='ltr'>quos</span> <span class='ocrx_word' id='word_1_494' title='bbox 1149 4452 1253 4499; x_wconf 89' lang='lat' dir='ltr'>usum</span> <span class='ocrx_word' id='word_1_495' title='bbox 1273 4429 1326 4497; x_wconf 88' lang='lat' dir='ltr'>rei</span> <span class='ocrx_word' id='word_1_496' title='bbox 1352 4427 1561 4522; x_wconf 90' lang='lat' dir='ltr'>ostendero)</span> <span class='ocrx_word' id='word_1_497' title='bbox 1583 4431 1810 4521; x_wconf 88' lang='lat' dir='ltr'>pronuntiati</span> <span class='ocrx_word' id='word_1_498' title='bbox 1834 4458 1978 4530; x_wconf 89' lang='lat' dir='ltr'>quoque</span> <span class='ocrx_word' id='word_1_499' title='bbox 2002 4439 2075 4509; x_wconf 87' lang='lat' dir='ltr'>vim</span> <span class='ocrx_word' id='word_1_500' title='bbox 2099 4468 2142 4514; x_wconf 84' lang='lat' dir='ltr'>ex</span> 
     </span>
     <span class='ocr_line' id='line_1_43' title="bbox 100 4531 2141 4628; baseline 0.004 -24"><span class='ocrx_word' id='word_1_501' title='bbox 100 4536 144 4613; x_wconf 88' lang='lat' dir='ltr'>in</span> <span class='ocrx_word' id='word_1_502' title='bbox 165 4532 465 4625; x_wconf 81' lang='lat' dir='ltr'>pervestigatione</span> <span class='ocrx_word' id='word_1_503' title='bbox 480 4555 601 4602; x_wconf 89' lang='lat' dir='ltr'>rerum</span> <span class='ocrx_word' id='word_1_504' title='bbox 619 4543 828 4627; x_wconf 88' lang='lat' dir='ltr'>sequantur.</span> <span class='ocrx_word' id='word_1_505' title='bbox 1149 4531 1225 4622; x_wconf 88' lang='lat' dir='ltr'>ipsa</span> <span class='ocrx_word' id='word_1_506' title='bbox 1256 4545 1406 4614; x_wconf 88' lang='lat' dir='ltr'>natura,</span> <span class='ocrx_word' id='word_1_507' title='bbox 1440 4553 1504 4600; x_wconf 89' lang='lat' dir='ltr'>ceu</span> <span class='ocrx_word' id='word_1_508' title='bbox 1536 4531 1704 4604; x_wconf 83' lang='lat' dir='ltr'>sontibus</span> <span class='ocrx_word' id='word_1_509' title='bbox 1720 4534 1974 4611; x_wconf 89' lang='lat' dir='ltr'>derivabimus.</span> <span class='ocrx_word' id='word_1_510' title='bbox 2034 4539 2141 4628; x_wconf 86' lang='lat' dir='ltr'>Nam,</span> 
     </span>
     <span class='ocr_line' id='line_1_44' title="bbox 1150 4633 2140 4729; baseline -0.004 -26"><span class='ocrx_word' id='word_1_511' title='bbox 1150 4633 1327 4704; x_wconf 88' lang='lat' dir='ltr'>eiusmodi</span> <span class='ocrx_word' id='word_1_512' title='bbox 1347 4634 1528 4726; x_wconf 88' lang='lat' dir='ltr'>quandam</span> <span class='ocrx_word' id='word_1_513' title='bbox 1542 4636 1659 4726; x_wconf 59' lang='lat' dir='ltr'>,plane</span> <span class='ocrx_word' id='word_1_514' title='bbox 1681 4636 1980 4729; x_wconf 86' lang='lat' dir='ltr'>simplicissimam</span> <span class='ocrx_word' id='word_1_515' title='bbox 2006 4646 2140 4715; x_wconf 91' lang='lat' dir='ltr'>oratio.</span> 
     </span>
     <span class='ocr_line' id='line_1_45' title="bbox 1150 4735 2140 4838; baseline -0.003 -32"><span class='ocrx_word' id='word_1_516' title='bbox 1150 4761 1233 4806; x_wconf 91' lang='lat' dir='ltr'>nem</span> <span class='ocrx_word' id='word_1_517' title='bbox 1266 4736 1516 4829; x_wconf 88' lang='lat' dir='ltr'>praescribunt</span> <span class='ocrx_word' id='word_1_518' title='bbox 1539 4735 1800 4838; x_wconf 78' lang='lat' dir='ltr'>Dialectici⁸⁰),</span> <span class='ocrx_word' id='word_1_519' title='bbox 1842 4767 1934 4837; x_wconf 77' lang='lat' dir='ltr'>quae</span> <span class='ocrx_word' id='word_1_520' title='bbox 1967 4743 2054 4816; x_wconf 66' lang='lat' dir='ltr'>citra</span> <span class='ocrx_word' id='word_1_521' title='bbox 2083 4769 2140 4820; x_wconf 65' lang='lat' dir='ltr'>ca.</span> 
     </span>
     <span class='ocr_line' id='line_1_46' title="bbox 101 4819 2141 4942; baseline -0.003 -18"><span class='ocrx_word' id='word_1_522' title='bbox 101 4825 206 4924; x_wconf 63' lang='lat' dir='ltr'>Quid</span> <span class='ocrx_word' id='word_1_523' title='bbox 221 4846 355 4892; x_wconf 71' lang='lat'>¹¹⁰¹¹¹²¹¹</span> <span class='ocrx_word' id='word_1_524' title='bbox 370 4820 513 4893; x_wconf 47' lang='lat' dir='ltr'>virium</span> <span class='ocrx_word' id='word_1_525' title='bbox 528 4819 669 4915; x_wconf 62' lang='lat' dir='ltr'>Siinii?</span> <span class='ocrx_word' id='word_1_526' title='bbox 696 4820 874 4893; x_wconf 54' lang='lat' dir='ltr'><strong>affectum·</strong></span> <span class='ocrx_word' id='word_1_527' title='bbox 1148 4838 1346 4922; x_wconf 87' lang='lat' dir='ltr'>lumniam,</span> <span class='ocrx_word' id='word_1_528' title='bbox 1374 4838 1534 4934; x_wconf 90' lang='lat' dir='ltr'>citraque</span> <span class='ocrx_word' id='word_1_529' title='bbox 1554 4841 1906 4931; x_wconf 78' lang='lat' dir='ltr'>tergiversationem,</span> <span class='ocrx_word' id='word_1_530' title='bbox 1930 4847 2141 4942; x_wconf 78' lang='lat' dir='ltr'>simpliciter</span> 
     </span>
     <span class='ocr_line' id='line_1_47' title="bbox 101 4921 2139 5035; baseline 0.001 -25"><span class='ocrx_word' id='word_1_531' title='bbox 101 4927 206 5030; x_wconf 69' lang='lat' dir='ltr'>Quid</span> <span class='ocrx_word' id='word_1_532' title='bbox 223 4923 360 4996; x_wconf 63' lang='lat' dir='ltr'>Vltimi</span> <span class='ocrx_word' id='word_1_533' title='bbox 462 4921 619 4995; x_wconf 54' lang='lat' dir='ltr'>Affectus</span> <span class='ocrx_word' id='word_1_534' title='bbox 636 4923 763 4994; x_wconf 75' lang='lat' dir='ltr'>b⁰¹¹1¹⁵·</span> <span class='ocrx_word' id='word_1_535' title='bbox 1150 4955 1213 5013; x_wconf 89' lang='lat' dir='ltr'>aut</span> <span class='ocrx_word' id='word_1_536' title='bbox 1230 4943 1414 5034; x_wconf 88' lang='lat' dir='ltr'>probetur,</span> <span class='ocrx_word' id='word_1_537' title='bbox 1441 4955 1504 5012; x_wconf 89' lang='lat' dir='ltr'>aut</span> <span class='ocrx_word' id='word_1_538' title='bbox 1516 4943 1754 5035; x_wconf 89' lang='lat' dir='ltr'>improbetur,</span> <span class='ocrx_word' id='word_1_539' title='bbox 1777 4971 1861 5016; x_wconf 86' lang='lat' dir='ltr'>vera</span> <span class='ocrx_word' id='word_1_540' title='bbox 1879 4961 1940 5019; x_wconf 92' lang='lat' dir='ltr'>aut</span> <span class='ocrx_word' id='word_1_541' title='bbox 1954 4951 2041 5025; x_wconf 85' lang='lat' dir='ltr'>salsa</span> <span class='ocrx_word' id='word_1_542' title='bbox 2058 4981 2139 5028; x_wconf 88' lang='lat' dir='ltr'>cen.</span> 
     </span>
    </p>
   </div>
   <div class='ocr_carea' id='block_1_5' title="bbox 102 5047 2137 5272">
    <p class='ocr_par' dir='ltr' id='par_1_6' title="bbox 102 5047 2137 5272">
     <span class='ocr_line' id='line_1_48' title="bbox 102 5047 2137 5151; baseline 0.009 -40"><span class='ocrx_word' id='word_1_543' title='bbox 102 5063 317 5084; x_wconf 81' lang='grc'><strong><em>--·-···</em></strong></span> <span class='ocrx_word' id='word_1_544' title='bbox 1148 5058 1289 5128; x_wconf 87' lang='lat' dir='ltr'>seatnr,</span> <span class='ocrx_word' id='word_1_545' title='bbox 1316 5068 1479 5138; x_wconf 88' lang='lat' dir='ltr'>quaeque</span> <span class='ocrx_word' id='word_1_546' title='bbox 1501 5047 1617 5136; x_wconf 89' lang='lat' dir='ltr'>ipsum</span> <span class='ocrx_word' id='word_1_547' title='bbox 1639 5048 1751 5116; x_wconf 87' lang='lat' dir='ltr'>animi</span> <span class='ocrx_word' id='word_1_548' title='bbox 1769 5072 1910 5121; x_wconf 90' lang='lat' dir='ltr'>sensum</span> <span class='ocrx_word' id='word_1_549' title='bbox 1927 5077 2034 5147; x_wconf 91' lang='lat' dir='ltr'>quam</span> <span class='ocrx_word' id='word_1_550' title='bbox 2055 5083 2137 5151; x_wconf 90' lang='lat' dir='ltr'>pro-</span> 
     </span>
     <span class='ocr_line' id='line_1_49' title="bbox 140 5135 1097 5204; baseline 0.001 -11"><span class='ocrx_word' id='word_1_551' title='bbox 140 5145 195 5204; x_wconf 77' lang='lat'>2⁴)</span> <span class='ocrx_word' id='word_1_552' title='bbox 212 5141 315 5194; x_wconf 73' lang='lat' dir='ltr'>annot.</span> <span class='ocrx_word' id='word_1_553' title='bbox 333 5149 436 5204; x_wconf 52' lang='lat' dir='ltr'>nere:</span> <span class='ocrx_word' id='word_1_554' title='bbox 461 5135 585 5190; x_wconf 74' lang='lat' dir='ltr'>Nonlnls</span> <span class='ocrx_word' id='word_1_555' title='bbox 602 5136 648 5187; x_wconf 83' lang='lat' dir='ltr'>rtr</span> <span class='ocrx_word' id='word_1_556' title='bbox 666 5137 784 5189; x_wconf 78' lang='lat' dir='ltr'>orantum</span> <span class='ocrx_word' id='word_1_557' title='bbox 802 5137 918 5202; x_wconf 80' lang='lat' dir='ltr'>prinum</span> <span class='ocrx_word' id='word_1_558' title='bbox 934 5141 1097 5194; x_wconf 78' lang='lat' dir='ltr'>eorrtueoda.</span> 
     </span>
     <span class='ocr_line' id='line_1_50' title="bbox 138 5205 896 5272; baseline -0.008 -10"><span class='ocrx_word' id='word_1_559' title='bbox 138 5213 193 5272; x_wconf 66' lang='lat'>2⁸)</span> <span class='ocrx_word' id='word_1_560' title='bbox 210 5209 349 5270; x_wconf 74' lang='lat' dir='ltr'>tuitione]</span> <span class='ocrx_word' id='word_1_561' title='bbox 367 5207 409 5258; x_wconf 88' lang='lat' dir='ltr'>sle</span> <span class='ocrx_word' id='word_1_562' title='bbox 426 5207 510 5258; x_wconf 80' lang='lat' dir='ltr'>ratu.</span> <span class='ocrx_word' id='word_1_563' title='bbox 526 5205 605 5268; x_wconf 82' lang='lat' dir='ltr'>1.t.;</span> <span class='ocrx_word' id='word_1_564' title='bbox 628 5206 713 5258; x_wconf 72' lang='grc' dir='ltr'>ΕΜ.</span> <span class='ocrx_word' id='word_1_565' title='bbox 734 5207 896 5258; x_wconf 70' lang='lat' dir='ltr'>sinuatione</span> 
     </span>
    </p>
   </div>
   <div class='ocr_carea' id='block_1_6' title="bbox 142 5263 2137 5412">
    <p class='ocr_par' dir='ltr' id='par_1_7' title="bbox 142 5263 2137 5412">
     <span class='ocr_line' id='line_1_51' title="bbox 142 5263 2137 5342; baseline 0.003 -12"><span class='ocrx_word' id='word_1_566' title='bbox 142 5281 194 5340; x_wconf 64' lang='grc' dir='ltr'>κ)</span> <span class='ocrx_word' id='word_1_567' title='bbox 212 5280 313 5330; x_wconf 68' lang='lat' dir='ltr'>annot.</span> <span class='ocrx_word' id='word_1_568' title='bbox 330 5288 436 5342; x_wconf 62' lang='lat' dir='ltr'>merge</span> <span class='ocrx_word' id='word_1_569' title='bbox 464 5277 568 5326; x_wconf 78' lang='lat' dir='ltr'>Deinde</span> <span class='ocrx_word' id='word_1_570' title='bbox 592 5275 655 5339; x_wconf 79' lang='lat' dir='ltr'>quid</span> <span class='ocrx_word' id='word_1_571' title='bbox 673 5275 712 5326; x_wconf 81' lang='lat' dir='ltr'>alt</span> <span class='ocrx_word' id='word_1_572' title='bbox 730 5287 794 5340; x_wconf 84' lang='lat' dir='ltr'>res,</span> <span class='ocrx_word' id='word_1_573' title='bbox 819 5287 889 5340; x_wconf 78' lang='lat' dir='ltr'>quas</span> <span class='ocrx_word' id='word_1_574' title='bbox 906 5269 1029 5328; x_wconf 69' lang='lat' dir='ltr'>sanctone</span> <span class='ocrx_word' id='word_1_575' title='bbox 1046 5292 1096 5331; x_wconf 83' lang='lat' dir='ltr'>ex·</span> <span class='ocrx_word' id='word_1_576' title='bbox 1182 5263 1231 5322; x_wconf 68' lang='grc'>29)</span> <span class='ocrx_word' id='word_1_577' title='bbox 1255 5263 1358 5313; x_wconf 60' lang='grc' dir='ltr'>ΔΜ·</span> <span class='ocrx_word' id='word_1_578' title='bbox 1379 5275 1483 5330; x_wconf 58' lang='grc' dir='ltr'>..Ψ</span> <span class='ocrx_word' id='word_1_579' title='bbox 1516 5265 1660 5318; x_wconf 51' lang='lat' dir='ltr'>(stillim</span> <span class='ocrx_word' id='word_1_580' title='bbox 1685 5267 1830 5320; x_wconf 65' lang='lat' dir='ltr'>⁶¹²¹⁶⁰i¹⁰⁸</span> <span class='ocrx_word' id='word_1_581' title='bbox 1860 5266 1925 5336; x_wconf 63' lang='lat' dir='ltr'>iffi·</span> <span class='ocrx_word' id='word_1_582' title='bbox 1942 5272 1968 5325; x_wconf 74' lang='lat'>²·</span> <span class='ocrx_word' id='word_1_583' title='bbox 1992 5275 2137 5330; x_wconf 60' lang='lat' dir='ltr'>melite</span> 
     </span>
     <span class='ocr_line' id='line_1_52' title="bbox 179 5331 1719 5412; baseline -0.008 -14"><span class='ocrx_word' id='word_1_584' title='bbox 179 5350 305 5412; x_wconf 81' lang='lat' dir='ltr'>plicatur.</span> <span class='ocrx_word' id='word_1_585' title='bbox 1220 5341 1285 5393; x_wconf 86' lang='lat' dir='ltr'>pro:</span> <span class='ocrx_word' id='word_1_586' title='bbox 1310 5331 1453 5382; x_wconf 80' lang='lat' dir='ltr'>‹ttsteetlcs</span> <span class='ocrx_word' id='word_1_587' title='bbox 1472 5333 1517 5384; x_wconf 82' lang='lat' dir='ltr'>vel</span> <span class='ocrx_word' id='word_1_588' title='bbox 1535 5332 1719 5401; x_wconf 78' lang='lat' dir='ltr'>dialecticae).</span> 
     </span>
    </p>
   </div>
   <div class='ocr_carea' id='block_1_7' title="bbox 143 5411 2136 5562">
    <p class='ocr_par' dir='ltr' id='par_1_8' title="bbox 143 5411 2136 5562">
     <span class='ocr_line' id='line_1_53' title="bbox 143 5411 2136 5493; baseline 0.009 -28"><span class='ocrx_word' id='word_1_589' title='bbox 143 5417 194 5476; x_wconf 73' lang='grc' dir='ltr'>η)</span> <span class='ocrx_word' id='word_1_590' title='bbox 213 5417 313 5468; x_wconf 83' lang='lat' dir='ltr'>annot.</span> <span class='ocrx_word' id='word_1_591' title='bbox 331 5423 434 5478; x_wconf 57' lang='lat' dir='ltr'>norff:</span> <span class='ocrx_word' id='word_1_592' title='bbox 458 5411 620 5465; x_wconf 78' lang='lat' dir='ltr'>consttlun.</span> <span class='ocrx_word' id='word_1_593' title='bbox 1183 5417 1233 5493; x_wconf 73' lang='lat' dir='ltr'>ao)</span> <span class='ocrx_word' id='word_1_594' title='bbox 1251 5417 1353 5467; x_wconf 73' lang='lat' dir='ltr'>annot.</span> <span class='ocrx_word' id='word_1_595' title='bbox 1371 5428 1478 5480; x_wconf 60' lang='lat' dir='ltr'>narse</span> <span class='ocrx_word' id='word_1_596' title='bbox 1506 5420 1584 5482; x_wconf 78' lang='lat' dir='ltr'>oues</span> <span class='ocrx_word' id='word_1_597' title='bbox 1601 5419 1823 5488; x_wconf 80' lang='lat' dir='ltr'>stnpttctsslns,</span> <span class='ocrx_word' id='word_1_598' title='bbox 1847 5424 1942 5475; x_wconf 75' lang='lat' dir='ltr'>moen</span> <span class='ocrx_word' id='word_1_599' title='bbox 1959 5429 1987 5478; x_wconf 87' lang='lat' dir='ltr'>et</span> <span class='ocrx_word' id='word_1_600' title='bbox 2006 5428 2136 5482; x_wconf 81' lang='lat' dir='ltr'>osrtlut·</span> 
     </span>
     <span class='ocr_line' id='line_1_54' title="bbox 144 5482 1443 5562; baseline -0.001 -26"><span class='ocrx_word' id='word_1_601' title='bbox 144 5488 195 5546; x_wconf 69' lang='grc'>18)</span> <span class='ocrx_word' id='word_1_602' title='bbox 213 5487 283 5562; x_wconf 53' lang='grc' dir='ltr'>ειη]</span> <span class='ocrx_word' id='word_1_603' title='bbox 302 5484 351 5546; x_wconf 68' lang='lat' dir='ltr'>tid,</span> <span class='ocrx_word' id='word_1_604' title='bbox 363 5484 389 5534; x_wconf 71' lang='lat' dir='ltr'>t.</span> <span class='ocrx_word' id='word_1_605' title='bbox 407 5493 505 5536; x_wconf 86' lang='lat' dir='ltr'>errore</span> <span class='ocrx_word' id='word_1_606' title='bbox 520 5486 596 5546; x_wconf 75' lang='lat' dir='ltr'>type</span> <span class='ocrx_word' id='word_1_607' title='bbox 625 5482 669 5532; x_wconf 82' lang='lat' dir='ltr'>ost</span> <span class='ocrx_word' id='word_1_608' title='bbox 689 5482 755 5544; x_wconf 82' lang='lat' dir='ltr'>site,</span> <span class='ocrx_word' id='word_1_609' title='bbox 1219 5496 1264 5537; x_wconf 75' lang='lat' dir='ltr'>me</span> <span class='ocrx_word' id='word_1_610' title='bbox 1281 5486 1327 5535; x_wconf 84' lang='lat' dir='ltr'>eet</span> <span class='ocrx_word' id='word_1_611' title='bbox 1343 5485 1443 5536; x_wconf 83' lang='lat' dir='ltr'>oretlo.</span> 
     </span>
    </p>
   </div>
   <div class='ocr_carea' id='block_1_8' title="bbox 1637 5553 1722 5628">
    <p class='ocr_par' dir='ltr' id='par_1_9' title="bbox 1637 5553 1722 5628">
     <span class='ocr_line' id='line_1_55' title="bbox 1637 5553 1722 5628; baseline 0 0"><span class='ocrx_word' id='word_1_612' title='bbox 1637 5553 1722 5628; x_wconf 73' lang='lat'>46*</span> 
     </span>
    </p>
   </div>
   <div class='ocr_carea' id='block_1_9' title="bbox 1420 4087 1876 4181">
    <p class='ocr_par' dir='ltr' id='par_1_10' title="bbox 1420 4087 1876 4181">
     <span class='ocr_line' id='line_1_56' title="bbox 1420 4087 1876 4181; baseline 0.011 -21"><span class='ocrx_word' id='word_1_613' title='bbox 1420 4089 1537 4160; x_wconf 86' lang='lat' dir='ltr'>Usus</span> <span class='ocrx_word' id='word_1_614' title='bbox 1569 4087 1876 4181; x_wconf 77' lang='lat' dir='ltr'>pronuntiati·</span> 
     </span>
    </p>
   </div>
   <div class='ocr_carea' id='block_1_10' title="bbox 467 4701 741 4794">
    <p class='ocr_par' dir='ltr' id='par_1_11' title="bbox 467 4701 741 4794">
     <span class='ocr_line' id='line_1_57' title="bbox 467 4701 741 4794; baseline 0 -22"><span class='ocrx_word' id='word_1_615' title='bbox 467 4701 741 4794; x_wconf 82' lang='lat' dir='ltr'>Exemplum.</span> 
     </span>
    </p>
   </div>
   <div class='ocr_carea' id='block_1_11' title="bbox 0 0 2464 5956">
    <p class='ocr_par' dir='ltr' id='par_1_12' title="bbox 0 0 2464 5956">
     <span class='ocr_line' id='line_1_58' title="bbox 0 0 2464 5956; baseline 0 0"><span class='ocrx_word' id='word_1_616' title='bbox 0 0 2464 5956; x_wconf 95' lang='lat' dir='ltr'> </span> 
     </span>
    </p>
   </div>
  </div>
 </body>
</html>
