<?xml version="1.0" encoding="UTF-8"?>
<!DOCTYPE html PUBLIC "-//W3C//DTD XHTML 1.0 Transitional//EN"
    "http://www.w3.org/TR/xhtml1/DTD/xhtml1-transitional.dtd">
<html xmlns="http://www.w3.org/1999/xhtml" xml:lang="en" lang="en">
 <head>
  <title>
</title>
<meta http-equiv="Content-Type" content="text/html;charset=utf-8" />
  <meta name='ocr-system' content='tesseract 3.04.00' />
  <meta name='ocr-capabilities' content='ocr_page ocr_carea ocr_par ocr_line ocrx_word'/>
</head>
<body>
  <div class='ocr_page' id='page_1' title='image "./philippimelanth11bindgoog_0250.png"; bbox 0 0 4910 5964; ppageno 0'>
   <div class='ocr_carea' id='block_1_1' title="bbox 120 209 2164 347">
    <p class='ocr_par' dir='ltr' id='par_1_1' title="bbox 120 209 2164 347">
     <span class='ocr_line' id='line_1_1' title="bbox 120 209 2164 347; baseline 0.008 -17"><span class='ocrx_word' id='word_1_1' title='bbox 120 257 202 331; x_wconf 81' lang='lat' dir='ltr'><strong>ers</strong></span> <span class='ocrx_word' id='word_1_2' title='bbox 304 209 306 214; x_wconf 70' lang='grc'><strong>’</strong></span> <span class='ocrx_word' id='word_1_3' title='bbox 396 253 453 326; x_wconf 85' lang='lat' dir='ltr'><strong>ru.</strong></span> <span class='ocrx_word' id='word_1_4' title='bbox 507 255 572 327; x_wconf 83' lang='lat' dir='ltr'><strong>ua</strong></span> <span class='ocrx_word' id='word_1_5' title='bbox 600 255 885 334; x_wconf 78' lang='lat' dir='ltr'><strong>nnacrronu</strong></span> <span class='ocrx_word' id='word_1_6' title='bbox 903 259 973 332; x_wconf 83' lang='lat' dir='ltr'><strong>rr-</strong></span> <span class='ocrx_word' id='word_1_7' title='bbox 986 259 1552 338; x_wconf 66' lang='lat' dir='ltr'><strong>aonosanouuasaou</strong></span> <span class='ocrx_word' id='word_1_8' title='bbox 1577 267 1621 342; x_wconf 79' lang='lat' dir='ltr'><strong>v,</strong></span> <span class='ocrx_word' id='word_1_9' title='bbox 1649 269 1889 342; x_wconf 77' lang='lat' dir='ltr'><strong>causano.</strong></span> <span class='ocrx_word' id='word_1_10' title='bbox 2082 256 2164 347; x_wconf 80' lang='lat' dir='ltr'><strong>tre</strong></span> 
     </span>
    </p>
   </div>
   <div class='ocr_carea' id='block_1_2' title="bbox 118 427 2233 1971">
    <p class='ocr_par' dir='ltr' id='par_1_2' title="bbox 118 427 2233 1769">
     <span class='ocr_line' id='line_1_2' title="bbox 152 427 2168 535; baseline 0.012 -45"><span class='ocrx_word' id='word_1_11' title='bbox 152 478 157 490; x_wconf 93' lang='lat'><strong>.</strong></span> <span class='ocrx_word' id='word_1_12' title='bbox 211 427 491 519; x_wconf 61' lang='lat' dir='ltr'><strong>tatiacum</strong></span> <span class='ocrx_word' id='word_1_13' title='bbox 503 427 661 502; x_wconf 77' lang='lat' dir='ltr'><strong>maxime</strong></span> <span class='ocrx_word' id='word_1_14' title='bbox 675 432 836 524; x_wconf 83' lang='lat' dir='ltr'><strong>conspici</strong></span> <span class='ocrx_word' id='word_1_15' title='bbox 848 432 982 524; x_wconf 74' lang='lat' dir='ltr'><strong>putuit,</strong></span> <span class='ocrx_word' id='word_1_16' title='bbox 1007 457 1122 527; x_wconf 80' lang='lat' dir='ltr'><strong>qaan-</strong></span> <span class='ocrx_word' id='word_1_17' title='bbox 1157 436 1438 526; x_wconf 69' lang='lat' dir='ltr'><strong>¹gressisurnus,</strong></span> <span class='ocrx_word' id='word_1_18' title='bbox 1465 439 1739 532; x_wconf 82' lang='lat' dir='ltr'><strong>iterumpreco&#39;r</strong></span> <span class='ocrx_word' id='word_1_19' title='bbox 1755 440 1873 513; x_wconf 87' lang='lat' dir='ltr'><strong>Deum</strong></span> <span class='ocrx_word' id='word_1_20' title='bbox 1896 443 2074 535; x_wconf 89' lang='lat' dir='ltr'><strong>optimum</strong></span> <span class='ocrx_word' id='word_1_21' title='bbox 2090 456 2168 515; x_wconf 78' lang='lat' dir='ltr'><strong>rna·-</strong></span> 
     </span>
     <span class='ocr_line' id='line_1_3' title="bbox 121 531 2167 636; baseline 0.008 -34"><span class='ocrx_word' id='word_1_22' title='bbox 121 549 203 602; x_wconf 78' lang='lat' dir='ltr'><strong>tum</strong></span> <span class='ocrx_word' id='word_1_23' title='bbox 222 533 268 601; x_wconf 82' lang='lat' dir='ltr'><strong>ad</strong></span> <span class='ocrx_word' id='word_1_24' title='bbox 280 531 585 624; x_wconf 56' lang='lat' dir='ltr'><strong>humiditatem</strong></span> <span class='ocrx_word' id='word_1_25' title='bbox 603 548 639 604; x_wconf 87' lang='lat' dir='ltr'><strong>et</strong></span> <span class='ocrx_word' id='word_1_26' title='bbox 654 534 804 609; x_wconf 87' lang='lat' dir='ltr'><strong>salutem</strong></span> <span class='ocrx_word' id='word_1_27' title='bbox 822 536 921 606; x_wconf 85' lang='lat' dir='ltr'><strong>orbis</strong></span> <span class='ocrx_word' id='word_1_28' title='bbox 941 547 1119 606; x_wconf 82' lang='lat' dir='ltr'><strong>tertarum</strong></span> <span class='ocrx_word' id='word_1_29' title='bbox 1172 539 1329 622; x_wconf 76' lang='lat' dir='ltr'><strong>riorum,</strong></span> <span class='ocrx_word' id='word_1_30' title='bbox 1356 553 1402 610; x_wconf 73' lang='lat' dir='ltr'><strong>›ut</strong></span> <span class='ocrx_word' id='word_1_31' title='bbox 1419 555 1562 612; x_wconf 82' lang='lat' dir='ltr'><strong>mentes</strong></span> <span class='ocrx_word' id='word_1_32' title='bbox 1582 556 1724 616; x_wconf 74' lang='lat' dir='ltr'><strong>nostias</strong></span> <span class='ocrx_word' id='word_1_33' title='bbox 1746 559 1848 636; x_wconf 70' lang='lat' dir='ltr'><strong>repat</strong></span> <span class='ocrx_word' id='word_1_34' title='bbox 1873 547 1919 614; x_wconf 92' lang='lat' dir='ltr'><strong>ad</strong></span> <span class='ocrx_word' id='word_1_35' title='bbox 1941 545 2167 618; x_wconf 68' lang='lat' dir='ltr'><strong>retinendam</strong></span> 
     </span>
     <span class='ocr_line' id='line_1_4' title="bbox 123 631 2167 741; baseline 0.008 -37"><span class='ocrx_word' id='word_1_36' title='bbox 123 636 307 711; x_wconf 71' lang='lat' dir='ltr'><strong>corruunt</strong></span> <span class='ocrx_word' id='word_1_37' title='bbox 316 631 523 705; x_wconf 59' lang='lat' dir='ltr'><strong>dilectorum</strong></span> <span class='ocrx_word' id='word_1_38' title='bbox 538 635 578 704; x_wconf 83' lang='lat' dir='ltr'><strong>in</strong></span> <span class='ocrx_word' id='word_1_39' title='bbox 592 636 789 708; x_wconf 81' lang='lat' dir='ltr'><strong>Germania</strong></span> <span class='ocrx_word' id='word_1_40' title='bbox 800 637 1004 708; x_wconf 82' lang='lat' dir='ltr'><strong>consilium.</strong></span> <span class='ocrx_word' id='word_1_41' title='bbox 1028 637 1119 708; x_wconf 75' lang='lat' dir='ltr'><strong>Crem</strong></span> <span class='ocrx_word' id='word_1_42' title='bbox 1171 641 1267 712; x_wconf 84' lang='lat' dir='ltr'><strong>luter</strong></span> <span class='ocrx_word' id='word_1_43' title='bbox 1289 661 1364 713; x_wconf 80' lang='lat' dir='ltr'><strong>uos·</strong></span> <span class='ocrx_word' id='word_1_44' title='bbox 1385 643 1639 729; x_wconf 77' lang='lat' dir='ltr'><strong>concordiam,</strong></span> <span class='ocrx_word' id='word_1_45' title='bbox 1671 658 1707 714; x_wconf 89' lang='lat' dir='ltr'><strong>et</strong></span> <span class='ocrx_word' id='word_1_46' title='bbox 1738 645 1857 717; x_wconf 86' lang='lat' dir='ltr'><strong>flectat</strong></span> <span class='ocrx_word' id='word_1_47' title='bbox 1886 651 1931 718; x_wconf 89' lang='lat' dir='ltr'><strong>ad</strong></span> <span class='ocrx_word' id='word_1_48' title='bbox 1963 647 2167 741; x_wconf 79' lang='lat' dir='ltr'><strong>eligendum</strong></span> 
     </span>
     <span class='ocr_line' id='line_1_5' title="bbox 121 735 2167 843; baseline 0.007 -35"><span class='ocrx_word' id='word_1_49' title='bbox 121 738 222 808; x_wconf 80' lang='lat' dir='ltr'><strong>euim</strong></span> <span class='ocrx_word' id='word_1_50' title='bbox 239 737 473 828; x_wconf 77' lang='lat' dir='ltr'><strong>impenderet</strong></span> <span class='ocrx_word' id='word_1_51' title='bbox 490 735 619 829; x_wconf 72' lang='lat' dir='ltr'><strong>ingens</strong></span> <span class='ocrx_word' id='word_1_52' title='bbox 641 760 762 810; x_wconf 84' lang='lat' dir='ltr'><strong>rerum</strong></span> <span class='ocrx_word' id='word_1_53' title='bbox 776 739 953 824; x_wconf 84' lang='lat' dir='ltr'><strong>mutatio,</strong></span> <span class='ocrx_word' id='word_1_54' title='bbox 980 742 1120 834; x_wconf 84' lang='lat' dir='ltr'><strong>sapien·</strong></span> <span class='ocrx_word' id='word_1_55' title='bbox 1170 742 1370 836; x_wconf 90' lang='lat' dir='ltr'><strong>principem</strong></span> <span class='ocrx_word' id='word_1_56' title='bbox 1394 745 1589 816; x_wconf 65' lang='lat' dir='ltr'><strong>salutarem</strong></span> <span class='ocrx_word' id='word_1_57' title='bbox 1614 748 1783 840; x_wconf 77' lang='lat' dir='ltr'><strong>universo</strong></span> <span class='ocrx_word' id='word_1_58' title='bbox 1808 735 1962 843; x_wconf 82' lang='lat' dir='ltr'><strong>imperio</strong></span> <span class='ocrx_word' id='word_1_59' title='bbox 1984 751 2167 837; x_wconf 78' lang='lat' dir='ltr'><strong>Romano,</strong></span> 
     </span>
     <span class='ocr_line' id='line_1_6' title="bbox 125 840 2167 940; baseline 0.008 -31"><span class='ocrx_word' id='word_1_60' title='bbox 125 841 190 924; x_wconf 89' lang='lat' dir='ltr'><strong>tia,</strong></span> <span class='ocrx_word' id='word_1_61' title='bbox 213 840 429 922; x_wconf 89' lang='lat' dir='ltr'><strong>constantia,</strong></span> <span class='ocrx_word' id='word_1_62' title='bbox 455 841 661 926; x_wconf 85' lang='lat' dir='ltr'><strong>concordia,</strong></span> <span class='ocrx_word' id='word_1_63' title='bbox 685 855 724 912; x_wconf 88' lang='lat' dir='ltr'><strong>et</strong></span> <span class='ocrx_word' id='word_1_64' title='bbox 739 841 1039 927; x_wconf 80' lang='lat' dir='ltr'><strong>lideElecteruru,</strong></span> <span class='ocrx_word' id='word_1_65' title='bbox 1061 842 1120 912; x_wconf 83' lang='lat' dir='ltr'><strong>di·</strong></span> <span class='ocrx_word' id='word_1_66' title='bbox 1172 869 1213 914; x_wconf 85' lang='lat' dir='ltr'><strong>ue</strong></span> <span class='ocrx_word' id='word_1_67' title='bbox 1234 849 1429 940; x_wconf 74' lang='lat' dir='ltr'><strong>praecipue</strong></span> <span class='ocrx_word' id='word_1_68' title='bbox 1453 845 1579 919; x_wconf 83' lang='lat' dir='ltr'><strong>utilem</strong></span> <span class='ocrx_word' id='word_1_69' title='bbox 1602 847 1779 922; x_wconf 82' lang='lat' dir='ltr'><strong>Ecclesiae</strong></span> <span class='ocrx_word' id='word_1_70' title='bbox 1802 848 2040 926; x_wconf 69' lang='lat' dir='ltr'><strong>Christianae.</strong></span> <span class='ocrx_word' id='word_1_71' title='bbox 2081 854 2167 928; x_wconf 72' lang='lat' dir='ltr'><strong>iles</strong></span> 
     </span>
     <span class='ocr_line' id='line_1_7' title="bbox 119 941 2168 1046; baseline 0.007 -33"><span class='ocrx_word' id='word_1_72' title='bbox 119 941 580 1036; x_wconf 66' lang='lat' dir='ltr'><strong>guiterirqseriietdorrna</strong></span> <span class='ocrx_word' id='word_1_73' title='bbox 597 945 815 1038; x_wconf 81' lang='lat' dir='ltr'><strong>reipublicae</strong></span> <span class='ocrx_word' id='word_1_74' title='bbox 831 957 1118 1016; x_wconf 84' lang='lat' dir='ltr'><strong>eamervataest.</strong></span> <span class='ocrx_word' id='word_1_75' title='bbox 1170 948 1317 1034; x_wconf 81' lang='lat' dir='ltr'><strong>dubita,</strong></span> <span class='ocrx_word' id='word_1_76' title='bbox 1353 949 1446 1045; x_wconf 89' lang='lat' dir='ltr'><strong>quin</strong></span> <span class='ocrx_word' id='word_1_77' title='bbox 1476 967 1542 1023; x_wconf 84' lang='lat' dir='ltr'><strong>vos</strong></span> <span class='ocrx_word' id='word_1_78' title='bbox 1567 976 1692 1024; x_wconf 89' lang='lat' dir='ltr'><strong>ornnes</strong></span> <span class='ocrx_word' id='word_1_79' title='bbox 1714 979 1846 1046; x_wconf 79' lang='lat' dir='ltr'><strong>magna</strong></span> <span class='ocrx_word' id='word_1_80' title='bbox 1871 956 2168 1028; x_wconf 79' lang='lat' dir='ltr'><strong>sollicitudine&#39;e&#39;t</strong></span> 
     </span>
     <span class='ocr_line' id='line_1_8' title="bbox 118 1041 2165 1151; baseline 0.007 -35"><span class='ocrx_word' id='word_1_81' title='bbox 118 1045 254 1117; x_wconf 72' lang='lat' dir='ltr'><strong>sorim</strong></span> <span class='ocrx_word' id='word_1_82' title='bbox 275 1043 372 1150; x_wconf 81' lang='lat' dir='ltr'><strong>euim</strong></span> <span class='ocrx_word' id='word_1_83' title='bbox 387 1041 688 1139; x_wconf 62' lang='lat' dir='ltr'><strong>archiepiscopus</strong></span> <span class='ocrx_word' id='word_1_84' title='bbox 703 1047 940 1139; x_wconf 67' lang='lat' dir='ltr'><strong>Mogentiana</strong></span> <span class='ocrx_word' id='word_1_85' title='bbox 952 1048 1119 1118; x_wconf 71' lang='lat' dir='ltr'><strong>Albanus</strong></span> <span class='ocrx_word' id='word_1_86' title='bbox 1169 1051 1322 1142; x_wconf 87' lang='lat' dir='ltr'><strong>pietate,</strong></span> <span class='ocrx_word' id='word_1_87' title='bbox 1347 1053 1499 1124; x_wconf 69' lang='lat' dir='ltr'><strong>sadduis</strong></span> <span class='ocrx_word' id='word_1_88' title='bbox 1518 1055 1723 1126; x_wconf 82' lang='lat' dir='ltr'><strong>votisidem</strong></span> <span class='ocrx_word' id='word_1_89' title='bbox 1738 1081 1758 1125; x_wconf 88' lang='lat' dir='ltr'><strong>a</strong></span> <span class='ocrx_word' id='word_1_90' title='bbox 1776 1057 1854 1127; x_wconf 84' lang='lat' dir='ltr'><strong>Deo</strong></span> <span class='ocrx_word' id='word_1_91' title='bbox 1870 1058 2011 1151; x_wconf 88' lang='lat' dir='ltr'><strong>petatis.</strong></span> <span class='ocrx_word' id='word_1_92' title='bbox 2057 1057 2165 1132; x_wconf 80' lang='lat' dir='ltr'><strong>Nulla</strong></span> 
     </span>
     <span class='ocr_line' id='line_1_9' title="bbox 119 1143 2166 1242; baseline 0.005 -22"><span class='ocrx_word' id='word_1_93' title='bbox 119 1143 288 1220; x_wconf 79' lang='lat' dir='ltr'><strong>Marchio</strong></span> <span class='ocrx_word' id='word_1_94' title='bbox 303 1145 662 1242; x_wconf 72' lang='lat' dir='ltr'><strong>Brandeultu&#39;rpensis</strong></span> <span class='ocrx_word' id='word_1_95' title='bbox 686 1149 890 1224; x_wconf 74' lang='lat' dir='ltr'><strong>cardinalis</strong></span> <span class='ocrx_word' id='word_1_96' title='bbox 912 1150 1019 1221; x_wconf 82' lang='lat' dir='ltr'><strong>titulo</strong></span> <span class='ocrx_word' id='word_1_97' title='bbox 1042 1149 1118 1219; x_wconf 80' lang='lat' dir='ltr'><strong>divi</strong></span> <span class='ocrx_word' id='word_1_98' title='bbox 1171 1153 1266 1222; x_wconf 88' lang='lat' dir='ltr'><strong>enim</strong></span> <span class='ocrx_word' id='word_1_99' title='bbox 1293 1155 1474 1226; x_wconf 85' lang='lat' dir='ltr'><strong>difficilior</strong></span> <span class='ocrx_word' id='word_1_100' title='bbox 1496 1156 1708 1228; x_wconf 80' lang='lat' dir='ltr'><strong>deliberatio</strong></span> <span class='ocrx_word' id='word_1_101' title='bbox 1730 1161 1775 1230; x_wconf 89' lang='lat' dir='ltr'><strong>de</strong></span> <span class='ocrx_word' id='word_1_102' title='bbox 1791 1161 1862 1231; x_wconf 88' lang='lat' dir='ltr'><strong>ulla</strong></span> <span class='ocrx_word' id='word_1_103' title='bbox 1880 1185 1920 1232; x_wconf 86' lang='lat' dir='ltr'><strong>re</strong></span> <span class='ocrx_word' id='word_1_104' title='bbox 1934 1158 2094 1232; x_wconf 89' lang='lat' dir='ltr'><strong>hnmana</strong></span> <span class='ocrx_word' id='word_1_105' title='bbox 2110 1164 2166 1231; x_wconf 85' lang='lat' dir='ltr'><strong>irt-</strong></span> 
     </span>
     <span class='ocr_line' id='line_1_10' title="bbox 119 1248 2165 1357; baseline 0.007 -33"><span class='ocrx_word' id='word_1_106' title='bbox 119 1248 379 1346; x_wconf 69' lang='lat' dir='ltr'><strong>Gbryaoperri,‘</strong></span> <span class='ocrx_word' id='word_1_107' title='bbox 403 1251 584 1323; x_wconf 79' lang='lat' dir='ltr'><strong>intellecta</strong></span> <span class='ocrx_word' id='word_1_108' title='bbox 605 1267 722 1324; x_wconf 77' lang='lat' dir='ltr'><strong>morte</strong></span> <span class='ocrx_word' id='word_1_109' title='bbox 742 1251 1004 1337; x_wconf 71' lang='lat' dir='ltr'><strong>dissimilium,</strong></span> <span class='ocrx_word' id='word_1_110' title='bbox 1036 1275 1117 1324; x_wconf 88' lang='lat' dir='ltr'><strong>cum</strong></span> <span class='ocrx_word' id='word_1_111' title='bbox 1170 1256 1288 1328; x_wconf 88' lang='lat' dir='ltr'><strong>cidere</strong></span> <span class='ocrx_word' id='word_1_112' title='bbox 1322 1271 1461 1349; x_wconf 89' lang='lat' dir='ltr'><strong>potest,</strong></span> <span class='ocrx_word' id='word_1_113' title='bbox 1504 1283 1613 1354; x_wconf 90' lang='lat' dir='ltr'><strong>qnam</strong></span> <span class='ocrx_word' id='word_1_114' title='bbox 1652 1262 1696 1330; x_wconf 90' lang='lat' dir='ltr'><strong>de</strong></span> <span class='ocrx_word' id='word_1_115' title='bbox 1730 1260 1952 1355; x_wconf 77' lang='lat' dir='ltr'><strong>lmperbtorc</strong></span> <span class='ocrx_word' id='word_1_116' title='bbox 1987 1264 2165 1357; x_wconf 75' lang='lat' dir='ltr'><strong>eligendo.</strong></span> 
     </span>
     <span class='ocr_line' id='line_1_11' title="bbox 122 1353 2166 1458; baseline 0.007 -34"><span class='ocrx_word' id='word_1_117' title='bbox 122 1353 237 1448; x_wconf 67' lang='lat' dir='ltr'><strong>ipius</strong></span> <span class='ocrx_word' id='word_1_118' title='bbox 255 1358 388 1424; x_wconf 72' lang='lat' dir='ltr'><strong>mus</strong></span> <span class='ocrx_word' id='word_1_119' title='bbox 411 1355 462 1426; x_wconf 79' lang='lat' dir='ltr'><strong>sit</strong></span> <span class='ocrx_word' id='word_1_120' title='bbox 486 1377 684 1430; x_wconf 81' lang='lat' dir='ltr'><strong>convocare</strong></span> <span class='ocrx_word' id='word_1_121' title='bbox 707 1355 910 1446; x_wconf 79' lang='lat' dir='ltr'><strong>Electores,</strong></span> <span class='ocrx_word' id='word_1_122' title='bbox 940 1356 1119 1447; x_wconf 71' lang='lat' dir='ltr'><strong>signifieat</strong></span> <span class='ocrx_word' id='word_1_123' title='bbox 1170 1358 1263 1432; x_wconf 80' lang='lat' dir='ltr'><strong>Nam</strong></span> <span class='ocrx_word' id='word_1_124' title='bbox 1285 1361 1418 1430; x_wconf 20' lang='lat' dir='ltr'><strong>*caueri</strong></span> <span class='ocrx_word' id='word_1_125' title='bbox 1431 1359 1548 1453; x_wconf 70' lang='lat' dir='ltr'><strong>Reges</strong></span> <span class='ocrx_word' id='word_1_126' title='bbox 1561 1383 1639 1432; x_wconf 82' lang='lat' dir='ltr'><strong>uon</strong></span> <span class='ocrx_word' id='word_1_127' title='bbox 1656 1365 1837 1436; x_wconf 88' lang='lat' dir='ltr'><strong>sustinent</strong></span> <span class='ocrx_word' id='word_1_128' title='bbox 1847 1362 1917 1436; x_wconf 88' lang='lat' dir='ltr'><strong>buc</strong></span> <span class='ocrx_word' id='word_1_129' title='bbox 1932 1369 2057 1458; x_wconf 83' lang='lat' dir='ltr'><strong>ingens</strong></span> <span class='ocrx_word' id='word_1_130' title='bbox 2073 1391 2166 1439; x_wconf 86' lang='lat' dir='ltr'><strong>onus</strong></span> 
     </span>
     <span class='ocr_line' id='line_1_12' title="bbox 120 1453 2167 1564; baseline 0.005 -37"><span class='ocrx_word' id='word_1_131' title='bbox 120 1459 174 1535; x_wconf 81' lang='lat' dir='ltr'><strong>ais</strong></span> <span class='ocrx_word' id='word_1_132' title='bbox 189 1453 662 1550; x_wconf 71' lang='lat' dir='ltr'><strong>interituru-lmperatoris,¹</strong></span> <span class='ocrx_word' id='word_1_133' title='bbox 679 1471 718 1529; x_wconf 85' lang='lat' dir='ltr'><strong>et</strong></span> <span class='ocrx_word' id='word_1_134' title='bbox 737 1457 1036 1531; x_wconf 78' lang='lat' dir='ltr'><strong>Frsneeiordiam</strong></span> <span class='ocrx_word' id='word_1_135' title='bbox 1056 1480 1118 1529; x_wconf 86' lang='lat' dir='ltr'><strong>eos</strong></span> <span class='ocrx_word' id='word_1_136' title='bbox 1169 1475 1314 1532; x_wconf 74' lang='lat' dir='ltr'><strong>esterna</strong></span> <span class='ocrx_word' id='word_1_137' title='bbox 1346 1485 1457 1554; x_wconf 71' lang='lat' dir='ltr'><strong>regua</strong></span> <span class='ocrx_word' id='word_1_138' title='bbox 1483 1469 1750 1557; x_wconf 71' lang='lat' dir='ltr'><strong>propugnandi.</strong></span> <span class='ocrx_word' id='word_1_139' title='bbox 1810 1468 1942 1540; x_wconf 85' lang='lat' dir='ltr'><strong>Noster</strong></span> <span class='ocrx_word' id='word_1_140' title='bbox 1962 1467 2167 1564; x_wconf 82' lang='lat' dir='ltr'><strong>imperator</strong></span> 
     </span>
     <span class='ocr_line' id='line_1_13' title="bbox 120 1559 2165 1659; baseline 0.006 -28"><span class='ocrx_word' id='word_1_141' title='bbox 120 1563 169 1632; x_wconf 83' lang='lat' dir='ltr'><strong>arl</strong></span> <span class='ocrx_word' id='word_1_142' title='bbox 187 1559 487 1631; x_wconf 60' lang='lat' dir='ltr'><strong>&amp;efflorationem</strong></span> <span class='ocrx_word' id='word_1_143' title='bbox 514 1563 559 1631; x_wconf 84' lang='lat' dir='ltr'><strong>de</strong></span> <span class='ocrx_word' id='word_1_144' title='bbox 586 1585 810 1646; x_wconf 79' lang='lat' dir='ltr'><strong>successere,</strong></span> <span class='ocrx_word' id='word_1_145' title='bbox 843 1576 879 1631; x_wconf 91' lang='lat' dir='ltr'><strong>et</strong></span> <span class='ocrx_word' id='word_1_146' title='bbox 906 1562 952 1631; x_wconf 89' lang='lat' dir='ltr'><strong>ad</strong></span> <span class='ocrx_word' id='word_1_147' title='bbox 976 1561 1118 1632; x_wconf 86' lang='lat' dir='ltr'><strong>electio·</strong></span> <span class='ocrx_word' id='word_1_148' title='bbox 1170 1564 1333 1656; x_wconf 79' lang='lat' dir='ltr'><strong>eligitur,</strong></span> <span class='ocrx_word' id='word_1_149' title='bbox 1367 1567 1474 1636; x_wconf 86' lang='lat' dir='ltr'><strong>utsit</strong></span> <span class='ocrx_word' id='word_1_150' title='bbox 1494 1566 1578 1637; x_wconf 83' lang='lat' dir='ltr'><strong>Dux</strong></span> <span class='ocrx_word' id='word_1_151' title='bbox 1600 1569 1733 1659; x_wconf 77' lang='lat' dir='ltr'><strong>publici</strong></span> <span class='ocrx_word' id='word_1_152' title='bbox 1759 1572 1898 1642; x_wconf 89' lang='lat' dir='ltr'><strong>consilii</strong></span> <span class='ocrx_word' id='word_1_153' title='bbox 1921 1573 2165 1643; x_wconf 76' lang='lat' dir='ltr'><strong>interemere</strong></span> 
     </span>
     <span class='ocr_line' id='line_1_14' title="bbox 120 1667 2233 1769; baseline 0.006 -36"><span class='ocrx_word' id='word_1_154' title='bbox 120 1687 205 1735; x_wconf 80' lang='lat' dir='ltr'><strong>nem</strong></span> <span class='ocrx_word' id='word_1_155' title='bbox 220 1672 342 1745; x_wconf 56' lang='lat' dir='ltr'><strong>necat.</strong></span> <span class='ocrx_word' id='word_1_156' title='bbox 380 1705 383 1716; x_wconf 93' lang='lat'>·</span> <span class='ocrx_word' id='word_1_157' title='bbox 1169 1667 1303 1760; x_wconf 77' lang='lat' dir='ltr'><strong>Reges,</strong></span> <span class='ocrx_word' id='word_1_158' title='bbox 1323 1681 1376 1737; x_wconf 83' lang='lat' dir='ltr'><strong>ut·</strong></span> <span class='ocrx_word' id='word_1_159' title='bbox 1392 1681 1597 1761; x_wconf 74' lang='lat' dir='ltr'><strong>propugnet</strong></span> <span class='ocrx_word' id='word_1_160' title='bbox 1613 1669 1776 1757; x_wconf 88' lang='lat' dir='ltr'><strong>ltaliam,</strong></span> <span class='ocrx_word' id='word_1_161' title='bbox 1803 1685 1843 1744; x_wconf 90' lang='lat' dir='ltr'><strong>ut</strong></span> <span class='ocrx_word' id='word_1_162' title='bbox 1862 1675 2162 1769; x_wconf 74' lang='lat' dir='ltr'><strong>tranquillitatem</strong></span> <span class='ocrx_word' id='word_1_163' title='bbox 2228 1757 2233 1764; x_wconf 38' lang='lat'><strong>,</strong></span> 
     </span>
    </p>

    <p class='ocr_par' dir='ltr' id='par_1_3' title="bbox 120 1763 2164 1971">
     <span class='ocr_line' id='line_1_15' title="bbox 151 1763 2161 1864; baseline 0.006 -29"><span class='ocrx_word' id='word_1_164' title='bbox 151 1808 156 1822; x_wconf 54' lang='grc' dir='ltr'><em>ι</em></span> <span class='ocrx_word' id='word_1_165' title='bbox 216 1765 327 1860; x_wconf 71' lang='lat' dir='ltr'><strong>Ques</strong></span> <span class='ocrx_word' id='word_1_166' title='bbox 349 1765 500 1858; x_wconf 71' lang='lat' dir='ltr'><strong>seipse</strong></span> <span class='ocrx_word' id='word_1_167' title='bbox 523 1791 599 1838; x_wconf 79' lang='lat' dir='ltr'><strong>scae</strong></span> <span class='ocrx_word' id='word_1_168' title='bbox 622 1769 788 1840; x_wconf 70' lang='lat' dir='ltr'><strong>incubat</strong></span> <span class='ocrx_word' id='word_1_169' title='bbox 814 1763 1053 1848; x_wconf 78' lang='lat' dir='ltr'><strong>officiiratio,</strong></span> <span class='ocrx_word' id='word_1_170' title='bbox 1077 1778 1119 1836; x_wconf 84' lang='lat' dir='ltr'><strong>ct</strong></span> <span class='ocrx_word' id='word_1_171' title='bbox 1159 1770 1348 1842; x_wconf 81' lang='lat' dir='ltr'><strong>¹Ecclesiae</strong></span> <span class='ocrx_word' id='word_1_172' title='bbox 1363 1773 1557 1864; x_wconf 78' lang='lat' dir='ltr'><strong>praecipue</strong></span> <span class='ocrx_word' id='word_1_173' title='bbox 1575 1775 1764 1845; x_wconf 82' lang='lat' dir='ltr'><strong>custodiat.</strong></span> <span class='ocrx_word' id='word_1_174' title='bbox 2075 1795 2079 1805; x_wconf 85' lang='grc'>’</span> <span class='ocrx_word' id='word_1_175' title='bbox 2132 1793 2161 1817; x_wconf 83' lang='grc'><strong>’·</strong></span> 
     </span>
     <span class='ocr_line' id='line_1_16' title="bbox 120 1867 2164 1971; baseline 0.004 -31"><span class='ocrx_word' id='word_1_176' title='bbox 120 1869 333 1940; x_wconf 61' lang='lat' dir='ltr'><strong>Momm</strong></span> <span class='ocrx_word' id='word_1_177' title='bbox 358 1873 776 1942; x_wconf 56' lang='lat' dir='ltr'><strong>maturere&#39;stnclerent:</strong></span> <span class='ocrx_word' id='word_1_178' title='bbox 818 1881 941 1938; x_wconf 86' lang='lat' dir='ltr'><strong>tamen</strong></span> <span class='ocrx_word' id='word_1_179' title='bbox 974 1874 1056 1938; x_wconf 82' lang='lat' dir='ltr'><strong>curn</strong></span> <span class='ocrx_word' id='word_1_180' title='bbox 1079 1867 1117 1936; x_wconf 90' lang='lat' dir='ltr'><strong>in</strong></span> <span class='ocrx_word' id='word_1_181' title='bbox 1271 1869 1489 1967; x_wconf 84' lang='lat' dir='ltr'><strong>ltaquecum</strong></span> <span class='ocrx_word' id='word_1_182' title='bbox 1508 1887 1690 1948; x_wconf 86' lang='lat' dir='ltr'><strong>tantarum</strong></span> <span class='ocrx_word' id='word_1_183' title='bbox 1707 1896 1829 1948; x_wconf 89' lang='lat' dir='ltr'><strong>rerum</strong></span> <span class='ocrx_word' id='word_1_184' title='bbox 1847 1901 1931 1948; x_wconf 87' lang='lat' dir='ltr'><strong>cura</strong></span> <span class='ocrx_word' id='word_1_185' title='bbox 1949 1876 2164 1971; x_wconf 78' lang='lat' dir='ltr'><strong>impermorl</strong></span> 
     </span>
    </p>
   </div>
   <div class='ocr_carea' id='block_1_3' title="bbox 120 1969 2345 2077">
    <p class='ocr_par' dir='ltr' id='par_1_4' title="bbox 120 1969 2345 2077">
     <span class='ocr_line' id='line_1_17' title="bbox 120 1969 2345 2077; baseline 0.004 -35"><span class='ocrx_word' id='word_1_186' title='bbox 120 1969 543 2067; x_wconf 57' lang='lat' dir='ltr'><strong>“aliquandiuque</strong></span> <span class='ocrx_word' id='word_1_187' title='bbox 561 1973 732 2044; x_wconf 77' lang='lat' dir='ltr'><strong>videbant</strong></span> <span class='ocrx_word' id='word_1_188' title='bbox 747 1971 976 2064; x_wconf 87' lang='lat' dir='ltr'><strong>impendere,</strong></span> <span class='ocrx_word' id='word_1_189' title='bbox 1003 1970 1117 2062; x_wconf 71' lang='lat' dir='ltr'><strong>magis</strong></span> <span class='ocrx_word' id='word_1_190' title='bbox 1169 1975 1433 2061; x_wconf 73' lang='lat' dir='ltr'><strong>comminuerit,</strong></span> <span class='ocrx_word' id='word_1_191' title='bbox 1458 1999 1547 2062; x_wconf 86' lang='lat' dir='ltr'><strong>nou,</strong></span> <span class='ocrx_word' id='word_1_192' title='bbox 1572 1980 1668 2050; x_wconf 88' lang='lat' dir='ltr'><strong>utin</strong></span> <span class='ocrx_word' id='word_1_193' title='bbox 1685 1981 1980 2074; x_wconf 70' lang='lat' dir='ltr'><strong>caeterisregnis,</strong></span> <span class='ocrx_word' id='word_1_194' title='bbox 2005 2000 2164 2077; x_wconf 77' lang='lat' dir='ltr'><strong>nascrm-</strong></span> <span class='ocrx_word' id='word_1_195' title='bbox 2301 1985 2345 2046; x_wconf 53' lang='grc' dir='ltr'>Ε</span> 
     </span>
    </p>
   </div>
   <div class='ocr_carea' id='block_1_4' title="bbox 3 2073 2198 5476">
    <p class='ocr_par' dir='ltr' id='par_1_5' title="bbox 3 2073 2198 5476">
     <span class='ocr_line' id='line_1_18' title="bbox 119 2073 2165 2174; baseline 0.005 -28"><span class='ocrx_word' id='word_1_196' title='bbox 119 2077 606 2168; x_wconf 70' lang='lat' dir='ltr'><strong>ecimpeopuandmcm</strong></span> <span class='ocrx_word' id='word_1_197' title='bbox 619 2077 881 2167; x_wconf 66' lang='lat' dir='ltr'><strong>intelligerent,</strong></span> <span class='ocrx_word' id='word_1_198' title='bbox 914 2077 961 2144; x_wconf 87' lang='lat' dir='ltr'><strong>ad</strong></span> <span class='ocrx_word' id='word_1_199' title='bbox 977 2073 1115 2145; x_wconf 80' lang='lat' dir='ltr'><strong>dictum</strong></span> <span class='ocrx_word' id='word_1_200' title='bbox 1168 2091 1227 2148; x_wconf 90' lang='lat' dir='ltr'><strong>tur</strong></span> <span class='ocrx_word' id='word_1_201' title='bbox 1243 2101 1483 2161; x_wconf 56' lang='lat' dir='ltr'><strong>sucessorem</strong></span> <span class='ocrx_word' id='word_1_202' title='bbox 1514 2082 1574 2151; x_wconf 87' lang='lat' dir='ltr'><strong>sed</strong></span> <span class='ocrx_word' id='word_1_203' title='bbox 1591 2083 1802 2174; x_wconf 77' lang='lat' dir='ltr'><strong>gravissimo</strong></span> <span class='ocrx_word' id='word_1_204' title='bbox 1817 2084 1968 2156; x_wconf 86' lang='lat' dir='ltr'><strong>consilio</strong></span> <span class='ocrx_word' id='word_1_205' title='bbox 1991 2085 2165 2156; x_wconf 76' lang='lat' dir='ltr'><strong>constitu—⁴</strong></span> 
     </span>
     <span class='ocr_line' id='line_1_19' title="bbox 118 2175 2177 2280; baseline 0.005 -33"><span class='ocrx_word' id='word_1_206' title='bbox 118 2177 215 2248; x_wconf 85' lang='lat' dir='ltr'><strong>diem</strong></span> <span class='ocrx_word' id='word_1_207' title='bbox 245 2177 693 2266; x_wconf 65' lang='lat' dir='ltr'><strong>omnesltrencotoceism</strong></span> <span class='ocrx_word' id='word_1_208' title='bbox 722 2181 769 2248; x_wconf 84' lang='lat' dir='ltr'><strong>ad</strong></span> <span class='ocrx_word' id='word_1_209' title='bbox 790 2175 964 2248; x_wconf 79' lang='lat' dir='ltr'><strong>Moenum</strong></span> <span class='ocrx_word' id='word_1_210' title='bbox 987 2197 1116 2246; x_wconf 76' lang='lat' dir='ltr'><strong>eonve-</strong></span> <span class='ocrx_word' id='word_1_211' title='bbox 1168 2193 1245 2250; x_wconf 84' lang='lat' dir='ltr'><strong>tum</strong></span> <span class='ocrx_word' id='word_1_212' title='bbox 1269 2195 1340 2265; x_wconf 87' lang='lat' dir='ltr'><strong>ast,</strong></span> <span class='ocrx_word' id='word_1_213' title='bbox 1369 2195 1410 2251; x_wconf 90' lang='lat' dir='ltr'><strong>ot</strong></span> <span class='ocrx_word' id='word_1_214' title='bbox 1433 2181 1568 2252; x_wconf 85' lang='lat' dir='ltr'><strong>iudicio</strong></span> <span class='ocrx_word' id='word_1_215' title='bbox 1588 2197 1696 2280; x_wconf 87' lang='lat' dir='ltr'><strong>atque</strong></span> <span class='ocrx_word' id='word_1_216' title='bbox 1713 2187 1907 2258; x_wconf 85' lang='lat' dir='ltr'><strong>autoritate</strong></span> <span class='ocrx_word' id='word_1_217' title='bbox 1924 2187 2040 2258; x_wconf 79' lang='lat' dir='ltr'><strong>nostri</strong></span> <span class='ocrx_word' id='word_1_218' title='bbox 2057 2187 2177 2257; x_wconf 66' lang='lat' dir='ltr'><strong>colle-⁴</strong></span> 
     </span>
     <span class='ocr_line' id='line_1_20' title="bbox 119 2273 2163 2382; baseline 0.005 -33"><span class='ocrx_word' id='word_1_219' title='bbox 119 2282 243 2351; x_wconf 79' lang='lat' dir='ltr'><strong>uiuat:</strong></span> <span class='ocrx_word' id='word_1_220' title='bbox 288 2281 455 2352; x_wconf 82' lang='lat' dir='ltr'><strong>videlicet</strong></span> <span class='ocrx_word' id='word_1_221' title='bbox 488 2281 659 2356; x_wconf 77' lang='lat' dir='ltr'><strong>Allrertus</strong></span> <span class='ocrx_word' id='word_1_222' title='bbox 693 2280 896 2360; x_wconf 64' lang='lat' dir='ltr'><strong>Carm‘nalu</strong></span> <span class='ocrx_word' id='word_1_223' title='bbox 928 2273 1115 2370; x_wconf 80' lang='lat' dir='ltr'><strong>Archiepi·</strong></span> <span class='ocrx_word' id='word_1_224' title='bbox 1167 2283 1218 2374; x_wconf 70' lang='lat' dir='ltr'><strong>gii</strong></span> <span class='ocrx_word' id='word_1_225' title='bbox 1238 2296 1435 2378; x_wconf 72' lang='lat' dir='ltr'><strong>queratur</strong></span> <span class='ocrx_word' id='word_1_226' title='bbox 1450 2303 1650 2370; x_wconf 64' lang='lat' dir='ltr'><strong>sucoeaeor,</strong></span> <span class='ocrx_word' id='word_1_227' title='bbox 1676 2289 1738 2382; x_wconf 85' lang='lat' dir='ltr'><strong>qni</strong></span> <span class='ocrx_word' id='word_1_228' title='bbox 1755 2291 1887 2358; x_wconf 89' lang='lat' dir='ltr'><strong>molem</strong></span> <span class='ocrx_word' id='word_1_229' title='bbox 1907 2302 2163 2360; x_wconf 82' lang='lat' dir='ltr'><strong>tantarum&#39;re·</strong></span> 
     </span>
     <span class='ocr_line' id='line_1_21' title="bbox 118 2380 1967 2480; baseline 0.003 -25"><span class='ocrx_word' id='word_1_230' title='bbox 118 2405 249 2476; x_wconf 69' lang='lat' dir='ltr'><strong>coep·</strong></span> <span class='ocrx_word' id='word_1_231' title='bbox 268 2383 529 2476; x_wconf 55' lang='lat' dir='ltr'><strong>Moenum,</strong></span> <span class='ocrx_word' id='word_1_232' title='bbox 560 2381 793 2455; x_wconf 74' lang='lat' dir='ltr'><strong>Hermannus</strong></span> <span class='ocrx_word' id='word_1_233' title='bbox 808 2383 938 2454; x_wconf 81' lang='lat' dir='ltr'><strong>Cernes</strong></span> <span class='ocrx_word' id='word_1_234' title='bbox 960 2383 1005 2452; x_wconf 91' lang='lat' dir='ltr'><strong>de</strong></span> <span class='ocrx_word' id='word_1_235' title='bbox 1020 2380 1114 2451; x_wconf 79' lang='lat' dir='ltr'><strong>Vide</strong></span> <span class='ocrx_word' id='word_1_236' title='bbox 1167 2409 1248 2456; x_wconf 89' lang='lat' dir='ltr'><strong>rum</strong></span> <span class='ocrx_word' id='word_1_237' title='bbox 1260 2385 1441 2460; x_wconf 79' lang='lat' dir='ltr'><strong>sustinere</strong></span> <span class='ocrx_word' id='word_1_238' title='bbox 1458 2387 1584 2480; x_wconf 85' lang='lat' dir='ltr'><strong>possit.</strong></span> <span class='ocrx_word' id='word_1_239' title='bbox 1965 2429 1967 2436; x_wconf 40' lang='grc' dir='ltr'><strong><em>ι</em></strong></span> 
     </span>
     <span class='ocr_line' id='line_1_22' title="bbox 117 2479 2164 2584; baseline 0.001 -24"><span class='ocrx_word' id='word_1_240' title='bbox 117 2483 418 2579; x_wconf 63' lang='grc' dir='ltr'><strong>Λυώὶηίιωμι</strong></span> <span class='ocrx_word' id='word_1_241' title='bbox 446 2485 700 2572; x_wconf 63' lang='lat' dir='ltr'><strong>¹(dalamancis,</strong></span> <span class='ocrx_word' id='word_1_242' title='bbox 747 2481 954 2556; x_wconf 67' lang='lat' dir='ltr'><strong>dictamus</strong></span> <span class='ocrx_word' id='word_1_243' title='bbox 988 2479 1116 2557; x_wconf 79' lang='lat' dir='ltr'><strong>Archi·</strong></span> <span class='ocrx_word' id='word_1_244' title='bbox 1269 2483 1447 2584; x_wconf 79' lang='lat' dir='ltr'><strong>Equidem</strong></span> <span class='ocrx_word' id='word_1_245' title='bbox 1468 2511 1623 2582; x_wconf 74' lang='lat' dir='ltr'><strong>agnosco</strong></span> <span class='ocrx_word' id='word_1_246' title='bbox 1646 2488 1729 2564; x_wconf 84' lang='lat' dir='ltr'><strong>lruic</strong></span> <span class='ocrx_word' id='word_1_247' title='bbox 1745 2505 1819 2562; x_wconf 89' lang='lat' dir='ltr'><strong>tam</strong></span> <span class='ocrx_word' id='word_1_248' title='bbox 1837 2492 1973 2563; x_wconf 69' lang='lat' dir='ltr'><strong>difficit</strong></span> <span class='ocrx_word' id='word_1_249' title='bbox 1988 2493 2164 2565; x_wconf 82' lang='lat' dir='ltr'><strong>delibera·</strong></span> 
     </span>
     <span class='ocr_line' id='line_1_23' title="bbox 117 2585 2164 2690; baseline 0.003 -28"><span class='ocrx_word' id='word_1_250' title='bbox 117 2591 310 2683; x_wconf 82' lang='lat' dir='ltr'><strong>episcopus</strong></span> <span class='ocrx_word' id='word_1_251' title='bbox 330 2589 574 2676; x_wconf 64' lang='lat' dir='ltr'><strong>treviae-ts,</strong></span> <span class='ocrx_word' id='word_1_252' title='bbox 608 2588 719 2662; x_wconf 82' lang='lat' dir='ltr'><strong>Lassa</strong></span> <span class='ocrx_word' id='word_1_253' title='bbox 733 2589 915 2660; x_wconf 76' lang='lat' dir='ltr'><strong>Dominus</strong></span> <span class='ocrx_word' id='word_1_254' title='bbox 928 2589 973 2658; x_wconf 84' lang='lat' dir='ltr'><strong>cle</strong></span> <span class='ocrx_word' id='word_1_255' title='bbox 992 2585 1115 2658; x_wconf 87' lang='lat' dir='ltr'><strong>Stern·</strong></span> <span class='ocrx_word' id='word_1_256' title='bbox 1166 2592 1259 2673; x_wconf 83' lang='lat' dir='ltr'><strong>ttoni</strong></span> <span class='ocrx_word' id='word_1_257' title='bbox 1283 2593 1422 2664; x_wconf 85' lang='lat' dir='ltr'><strong>nullam</strong></span> <span class='ocrx_word' id='word_1_258' title='bbox 1454 2588 1652 2666; x_wconf 87' lang='lat' dir='ltr'><strong>humanam</strong></span> <span class='ocrx_word' id='word_1_259' title='bbox 1684 2595 1898 2688; x_wconf 88' lang='lat' dir='ltr'><strong>sapientiam</strong></span> <span class='ocrx_word' id='word_1_260' title='bbox 1920 2619 2047 2690; x_wconf 89' lang='lat' dir='ltr'><strong>parem</strong></span> <span class='ocrx_word' id='word_1_261' title='bbox 2067 2617 2164 2677; x_wconf 73' lang='lat' dir='ltr'><strong>esser</strong></span> 
     </span>
     <span class='ocr_line' id='line_1_24' title="bbox 115 2685 2163 2792; baseline 0.002 -28"><span class='ocrx_word' id='word_1_262' title='bbox 115 2695 251 2784; x_wconf 66' lang='lat' dir='ltr'><strong>bergo,</strong></span> <span class='ocrx_word' id='word_1_263' title='bbox 277 2689 451 2769; x_wconf 80' lang='lat' dir='ltr'><strong>Ludevisi</strong></span> <span class='ocrx_word' id='word_1_264' title='bbox 462 2693 571 2786; x_wconf 67' lang='lat' dir='ltr'><strong>aegis</strong></span> <span class='ocrx_word' id='word_1_265' title='bbox 591 2689 793 2764; x_wconf 86' lang='lat' dir='ltr'><strong>Bohemiae</strong></span> <span class='ocrx_word' id='word_1_266' title='bbox 811 2693 966 2784; x_wconf 66' lang='lat' dir='ltr'><strong>legatus,</strong></span> <span class='ocrx_word' id='word_1_267' title='bbox 991 2685 1115 2761; x_wconf 85' lang='lat' dir='ltr'><strong>Ludo·</strong></span> <span class='ocrx_word' id='word_1_268' title='bbox 1166 2697 1228 2766; x_wconf 85' lang='lat' dir='ltr'><strong>sed</strong></span> <span class='ocrx_word' id='word_1_269' title='bbox 1249 2717 1309 2766; x_wconf 89' lang='lat' dir='ltr'><strong>me</strong></span> <span class='ocrx_word' id='word_1_270' title='bbox 1331 2695 1370 2764; x_wconf 88' lang='lat' dir='ltr'><strong>in</strong></span> <span class='ocrx_word' id='word_1_271' title='bbox 1385 2691 1442 2766; x_wconf 88' lang='lat' dir='ltr'><strong>his</strong></span> <span class='ocrx_word' id='word_1_272' title='bbox 1457 2696 1551 2766; x_wconf 89' lang='lat' dir='ltr'><strong>curis</strong></span> <span class='ocrx_word' id='word_1_273' title='bbox 1565 2699 1759 2792; x_wconf 82' lang='lat' dir='ltr'><strong>praecipue</strong></span> <span class='ocrx_word' id='word_1_274' title='bbox 1772 2692 1861 2768; x_wconf 86' lang='lat' dir='ltr'><strong>baec</strong></span> <span class='ocrx_word' id='word_1_275' title='bbox 1871 2699 2078 2770; x_wconf 77' lang='lat' dir='ltr'><strong>consolatio</strong></span> <span class='ocrx_word' id='word_1_276' title='bbox 2093 2699 2163 2768; x_wconf 76' lang='lat' dir='ltr'><strong>ert·-</strong></span> 
     </span>
     <span class='ocr_line' id='line_1_25' title="bbox 115 2791 2163 2893; baseline 0.004 -29"><span class='ocrx_word' id='word_1_277' title='bbox 115 2795 218 2868; x_wconf 80' lang='lat' dir='ltr'><strong>sa‘cus</strong></span> <span class='ocrx_word' id='word_1_278' title='bbox 227 2792 569 2884; x_wconf 68' lang='lat' dir='ltr'><strong>ComesPalutiuus,</strong></span> <span class='ocrx_word' id='word_1_279' title='bbox 595 2796 679 2868; x_wconf 73' lang='lat' dir='ltr'><strong>Duo</strong></span> <span class='ocrx_word' id='word_1_280' title='bbox 691 2795 885 2878; x_wconf 81' lang='lat' dir='ltr'><strong>Bavariac,</strong></span> <span class='ocrx_word' id='word_1_281' title='bbox 910 2791 1115 2864; x_wconf 79' lang='lat' dir='ltr'><strong>Fridericus</strong></span> <span class='ocrx_word' id='word_1_282' title='bbox 1166 2798 1237 2890; x_wconf 81' lang='lat' dir='ltr'><strong>git,</strong></span> <span class='ocrx_word' id='word_1_283' title='bbox 1270 2800 1367 2893; x_wconf 92' lang='lat' dir='ltr'><strong>quod</strong></span> <span class='ocrx_word' id='word_1_284' title='bbox 1390 2821 1471 2869; x_wconf 87' lang='lat' dir='ltr'><strong>cum</strong></span> <span class='ocrx_word' id='word_1_285' title='bbox 1498 2799 1650 2891; x_wconf 90' lang='lat' dir='ltr'><strong>imperia</strong></span> <span class='ocrx_word' id='word_1_286' title='bbox 1673 2801 1846 2880; x_wconf 84' lang='lat' dir='ltr'><strong>divinitus</strong></span> <span class='ocrx_word' id='word_1_287' title='bbox 1865 2793 2062 2873; x_wconf 67' lang='lat' dir='ltr'><strong>‘constituta</strong></span> <span class='ocrx_word' id='word_1_288' title='bbox 2077 2801 2163 2886; x_wconf 84' lang='lat' dir='ltr'><strong>sint,</strong></span> 
     </span>
     <span class='ocr_line' id='line_1_26' title="bbox 114 2891 2162 2996; baseline 0.002 -26"><span class='ocrx_word' id='word_1_289' title='bbox 114 2899 201 2970; x_wconf 74' lang='lat' dir='ltr'><strong>nux</strong></span> <span class='ocrx_word' id='word_1_290' title='bbox 225 2897 424 2984; x_wconf 77' lang='lat' dir='ltr'><strong>Saxorsiae,</strong></span> <span class='ocrx_word' id='word_1_291' title='bbox 461 2895 661 2970; x_wconf 87' lang='lat' dir='ltr'><strong>loucbimus</strong></span> <span class='ocrx_word' id='word_1_292' title='bbox 684 2897 710 2970; x_wconf 93' lang='lat' dir='ltr'><strong>l.</strong></span> <span class='ocrx_word' id='word_1_293' title='bbox 737 2891 902 2970; x_wconf 85' lang='lat' dir='ltr'><strong>Marchio</strong></span> <span class='ocrx_word' id='word_1_294' title='bbox 926 2895 1114 2967; x_wconf 82' lang='lat' dir='ltr'><strong>Brandeu·</strong></span> <span class='ocrx_word' id='word_1_295' title='bbox 1165 2921 1242 2970; x_wconf 80' lang='lat' dir='ltr'><strong>non</strong></span> <span class='ocrx_word' id='word_1_296' title='bbox 1266 2901 1414 2985; x_wconf 89' lang='lat' dir='ltr'><strong>dubito,</strong></span> <span class='ocrx_word' id='word_1_297' title='bbox 1441 2914 1477 2971; x_wconf 90' lang='lat' dir='ltr'><strong>et</strong></span> <span class='ocrx_word' id='word_1_298' title='bbox 1497 2915 1662 2974; x_wconf 86' lang='lat' dir='ltr'><strong>nostrum</strong></span> <span class='ocrx_word' id='word_1_299' title='bbox 1687 2904 1877 2995; x_wconf 80' lang='lat' dir='ltr'><strong>collegium</strong></span> <span class='ocrx_word' id='word_1_300' title='bbox 1898 2929 1918 2972; x_wconf 90' lang='lat' dir='ltr'><strong>a</strong></span> <span class='ocrx_word' id='word_1_301' title='bbox 1936 2903 2015 2973; x_wconf 90' lang='lat' dir='ltr'><strong>Deo</strong></span> <span class='ocrx_word' id='word_1_302' title='bbox 2034 2904 2162 2996; x_wconf 78' lang='lat' dir='ltr'><strong>guber·</strong></span> 
     </span>
     <span class='ocr_line' id='line_1_27' title="bbox 114 3003 2162 3099; baseline 0.001 -25"><span class='ocrx_word' id='word_1_303' title='bbox 114 3003 317 3095; x_wconf 59' lang='lat' dir='ltr'><strong>mensis</strong></span> <span class='ocrx_word' id='word_1_304' title='bbox 410 3023 423 3049; x_wconf 69' lang='lat'><strong>¹*</strong></span> <span class='ocrx_word' id='word_1_305' title='bbox 1165 3003 1267 3086; x_wconf 88' lang='lat' dir='ltr'><strong>nari,</strong></span> <span class='ocrx_word' id='word_1_306' title='bbox 1294 3004 1370 3098; x_wconf 85' lang='lat' dir='ltr'><strong>qui,</strong></span> <span class='ocrx_word' id='word_1_307' title='bbox 1395 3006 1426 3076; x_wconf 89' lang='lat' dir='ltr'><strong>si</strong></span> <span class='ocrx_word' id='word_1_308' title='bbox 1440 3025 1508 3075; x_wconf 85' lang='lat' dir='ltr'><strong>nos</strong></span> <span class='ocrx_word' id='word_1_309' title='bbox 1516 3003 1657 3097; x_wconf 79' lang='lat' dir='ltr'><strong>legibus</strong></span> <span class='ocrx_word' id='word_1_310' title='bbox 1671 3008 1805 3078; x_wconf 80' lang='lat' dir='ltr'><strong>nostris</strong></span> <span class='ocrx_word' id='word_1_311' title='bbox 1821 3007 2162 3099; x_wconf 77' lang='lat' dir='ltr'><strong>obtemperabimus,</strong></span> 
     </span>
     <span class='ocr_line' id='line_1_28' title="bbox 221 3103 2163 3206; baseline 0.003 -32"><span class='ocrx_word' id='word_1_312' title='bbox 221 3103 331 3177; x_wconf 71' lang='lat' dir='ltr'><strong>Velut</strong></span> <span class='ocrx_word' id='word_1_313' title='bbox 347 3129 457 3178; x_wconf 68' lang='lat' dir='ltr'><strong>mnan</strong></span> <span class='ocrx_word' id='word_1_314' title='bbox 470 3107 540 3178; x_wconf 82' lang='lat' dir='ltr'><strong>fuit</strong></span> <span class='ocrx_word' id='word_1_315' title='bbox 552 3109 689 3178; x_wconf 77' lang='lat' dir='ltr'><strong>famtae</strong></span> <span class='ocrx_word' id='word_1_316' title='bbox 704 3105 909 3188; x_wconf 77' lang='lat' dir='ltr'><strong>electionis,</strong></span> <span class='ocrx_word' id='word_1_317' title='bbox 936 3105 1034 3199; x_wconf 83' lang='lat' dir='ltr'><strong>quod</strong></span> <span class='ocrx_word' id='word_1_318' title='bbox 1051 3123 1114 3172; x_wconf 85' lang='lat' dir='ltr'><strong>ne·</strong></span> <span class='ocrx_word' id='word_1_319' title='bbox 1165 3105 1402 3199; x_wconf 88' lang='lat' dir='ltr'><strong>sipietatem,</strong></span> <span class='ocrx_word' id='word_1_320' title='bbox 1427 3107 1547 3191; x_wconf 83' lang='lat' dir='ltr'><strong>fidem,</strong></span> <span class='ocrx_word' id='word_1_321' title='bbox 1574 3121 1609 3178; x_wconf 88' lang='lat' dir='ltr'><strong>et</strong></span> <span class='ocrx_word' id='word_1_322' title='bbox 1623 3106 1860 3202; x_wconf 79' lang='lat' dir='ltr'><strong>diligentiam,</strong></span> <span class='ocrx_word' id='word_1_323' title='bbox 1886 3123 2062 3206; x_wconf 86' lang='lat' dir='ltr'><strong>quantum</strong></span> <span class='ocrx_word' id='word_1_324' title='bbox 2078 3130 2163 3202; x_wconf 86' lang='lat' dir='ltr'><strong>pro-</strong></span> 
     </span>
     <span class='ocr_line' id='line_1_29' title="bbox 116 3205 2198 3312; baseline 0.001 -33"><span class='ocrx_word' id='word_1_325' title='bbox 116 3230 179 3279; x_wconf 85' lang='lat' dir='ltr'><strong>ruo</strong></span> <span class='ocrx_word' id='word_1_326' title='bbox 201 3207 575 3302; x_wconf 58' lang='lat' dir='ltr'><strong>Electorumaberan</strong></span> <span class='ocrx_word' id='word_1_327' title='bbox 615 3214 677 3282; x_wconf 82' lang='lat' dir='ltr'><strong>sed</strong></span> <span class='ocrx_word' id='word_1_328' title='bbox 703 3221 949 3280; x_wconf 86' lang='lat' dir='ltr'><strong>couvenerant</strong></span> <span class='ocrx_word' id='word_1_329' title='bbox 975 3227 1113 3289; x_wconf 83' lang='lat' dir='ltr'><strong>onmes,</strong></span> <span class='ocrx_word' id='word_1_330' title='bbox 1165 3209 1254 3302; x_wconf 86' lang='lat' dir='ltr'><strong>spici</strong></span> <span class='ocrx_word' id='word_1_331' title='bbox 1278 3205 1470 3312; x_wconf 82' lang='lat' dir='ltr'><strong>bominum</strong></span> <span class='ocrx_word' id='word_1_332' title='bbox 1494 3212 1676 3284; x_wconf 87' lang='lat' dir='ltr'><strong>mentibus</strong></span> <span class='ocrx_word' id='word_1_333' title='bbox 1697 3225 1833 3306; x_wconf 89' lang='lat' dir='ltr'><strong>potest,</strong></span> <span class='ocrx_word' id='word_1_334' title='bbox 1866 3211 2163 3304; x_wconf 72' lang='lat' dir='ltr'><strong>praestiterimus,</strong></span> <span class='ocrx_word' id='word_1_335' title='bbox 2194 3273 2198 3281; x_wconf 93' lang='lat'><strong>.</strong></span> 
     </span>
     <span class='ocr_line' id='line_1_30' title="bbox 116 3311 2164 3408; baseline 0.001 -26"><span class='ocrx_word' id='word_1_336' title='bbox 116 3325 161 3382; x_wconf 76' lang='lat' dir='ltr'><strong>ct</strong></span> <span class='ocrx_word' id='word_1_337' title='bbox 186 3314 371 3384; x_wconf 69' lang='lat' dir='ltr'><strong>commui</strong></span> <span class='ocrx_word' id='word_1_338' title='bbox 403 3313 553 3386; x_wconf 80' lang='lat' dir='ltr'><strong>consilio</strong></span> <span class='ocrx_word' id='word_1_339' title='bbox 579 3327 690 3408; x_wconf 81' lang='lat' dir='ltr'><strong>atque</strong></span> <span class='ocrx_word' id='word_1_340' title='bbox 718 3313 843 3388; x_wconf 77' lang='lat' dir='ltr'><strong>minse</strong></span> <span class='ocrx_word' id='word_1_341' title='bbox 871 3329 950 3379; x_wconf 85' lang='lat' dir='ltr'><strong>rem</strong></span> <span class='ocrx_word' id='word_1_342' title='bbox 973 3320 1111 3378; x_wconf 76' lang='lat' dir='ltr'><strong>caecam</strong></span> <span class='ocrx_word' id='word_1_343' title='bbox 1165 3311 1387 3404; x_wconf 87' lang='lat' dir='ltr'><strong>aspiraturus</strong></span> <span class='ocrx_word' id='word_1_344' title='bbox 1419 3324 1472 3383; x_wconf 90' lang='lat' dir='ltr'><strong>est</strong></span> <span class='ocrx_word' id='word_1_345' title='bbox 1505 3313 1673 3385; x_wconf 76' lang='lat' dir='ltr'><strong>consiliis¹</strong></span> <span class='ocrx_word' id='word_1_346' title='bbox 1698 3315 1849 3396; x_wconf 86' lang='lat' dir='ltr'><strong>nostris,</strong></span> <span class='ocrx_word' id='word_1_347' title='bbox 1889 3327 1931 3385; x_wconf 88' lang='lat' dir='ltr'><strong>ut</strong></span> <span class='ocrx_word' id='word_1_348' title='bbox 1964 3316 2090 3385; x_wconf 86' lang='lat' dir='ltr'><strong>electio</strong></span> <span class='ocrx_word' id='word_1_349' title='bbox 2116 3315 2164 3385; x_wconf 86' lang='lat' dir='ltr'><strong>sit</strong></span> 
     </span>
     <span class='ocr_line' id='line_1_31' title="bbox 3 3413 2162 3511; baseline -0.001 -25"><span class='ocrx_word' id='word_1_350' title='bbox 3 3437 13 3452; x_wconf 77' lang='lat'><strong><em>‘</em></strong></span> <span class='ocrx_word' id='word_1_351' title='bbox 116 3430 408 3511; x_wconf 43' lang='lat' dir='ltr'><strong>equeseques</strong></span> <span class='ocrx_word' id='word_1_352' title='bbox 426 3420 475 3488; x_wconf 87' lang='lat' dir='ltr'><strong>ad</strong></span> <span class='ocrx_word' id='word_1_353' title='bbox 498 3417 650 3488; x_wconf 80' lang='lat' dir='ltr'><strong>salutem</strong></span> <span class='ocrx_word' id='word_1_354' title='bbox 674 3415 785 3486; x_wconf 86' lang='lat' dir='ltr'><strong>totius</strong></span> <span class='ocrx_word' id='word_1_355' title='bbox 801 3413 905 3484; x_wconf 86' lang='lat' dir='ltr'><strong>orbis</strong></span> <span class='ocrx_word' id='word_1_356' title='bbox 918 3427 1112 3494; x_wconf 80' lang='lat' dir='ltr'><strong>tertarum,</strong></span> <span class='ocrx_word' id='word_1_357' title='bbox 1164 3417 1281 3485; x_wconf 84' lang='lat' dir='ltr'><strong>fausta</strong></span> <span class='ocrx_word' id='word_1_358' title='bbox 1304 3437 1344 3484; x_wconf 87' lang='lat' dir='ltr'><strong>ac</strong></span> <span class='ocrx_word' id='word_1_359' title='bbox 1370 3415 1452 3485; x_wconf 83' lang='lat' dir='ltr'><strong>lelix</strong></span> <span class='ocrx_word' id='word_1_360' title='bbox 1467 3416 1627 3506; x_wconf 85' lang='lat' dir='ltr'><strong>patriae,</strong></span> <span class='ocrx_word' id='word_1_361' title='bbox 1655 3441 1696 3485; x_wconf 84' lang='lat' dir='ltr'><strong>ac</strong></span> <span class='ocrx_word' id='word_1_362' title='bbox 1711 3418 1880 3487; x_wconf 83' lang='lat' dir='ltr'><strong>universo</strong></span> <span class='ocrx_word' id='word_1_363' title='bbox 1897 3418 2040 3486; x_wconf 89' lang='lat' dir='ltr'><strong>nomini</strong></span> <span class='ocrx_word' id='word_1_364' title='bbox 2058 3414 2162 3488; x_wconf 82' lang='lat' dir='ltr'><strong>Cirri-</strong></span> 
     </span>
     <span class='ocr_line' id='line_1_32' title="bbox 117 3515 2036 3612; baseline -0.003 -22"><span class='ocrx_word' id='word_1_365' title='bbox 117 3531 156 3590; x_wconf 85' lang='lat' dir='ltr'><strong>et</strong></span> <span class='ocrx_word' id='word_1_366' title='bbox 184 3521 232 3589; x_wconf 79' lang='lat' dir='ltr'><strong>at</strong></span> <span class='ocrx_word' id='word_1_367' title='bbox 266 3521 475 3591; x_wconf 69' lang='lat' dir='ltr'><strong>uniuersam</strong></span> <span class='ocrx_word' id='word_1_368' title='bbox 509 3518 755 3612; x_wconf 72' lang='lat' dir='ltr'><strong>posteritatem</strong></span> <span class='ocrx_word' id='word_1_369' title='bbox 787 3515 998 3610; x_wconf 77' lang='lat' dir='ltr'><strong>pertineret.</strong></span> <span class='ocrx_word' id='word_1_370' title='bbox 1060 3515 1113 3585; x_wconf 78' lang='lat' dir='ltr'><strong>Ac</strong></span> <span class='ocrx_word' id='word_1_371' title='bbox 1164 3515 1294 3588; x_wconf 82' lang='lat' dir='ltr'><strong>stiano.</strong></span> <span class='ocrx_word' id='word_1_372' title='bbox 2031 3551 2036 3562; x_wconf 92' lang='lat'><strong>·</strong></span> 
     </span>
     <span class='ocr_line' id='line_1_33' title="bbox 115 3616 2161 3716; baseline 0 -24"><span class='ocrx_word' id='word_1_373' title='bbox 115 3621 176 3692; x_wconf 81' lang='lat' dir='ltr'><strong>die</strong></span> <span class='ocrx_word' id='word_1_374' title='bbox 194 3617 292 3693; x_wconf 76' lang='lat' dir='ltr'><strong>lunii</strong></span> <span class='ocrx_word' id='word_1_375' title='bbox 306 3623 451 3696; x_wconf 58' lang='lat' dir='ltr'><strong>&amp;tirno</strong></span> <span class='ocrx_word' id='word_1_376' title='bbox 465 3622 619 3716; x_wconf 83' lang='lat' dir='ltr'><strong>septimo</strong></span> <span class='ocrx_word' id='word_1_377' title='bbox 637 3621 724 3692; x_wconf 87' lang='lat' dir='ltr'><strong>anni</strong></span> <span class='ocrx_word' id='word_1_378' title='bbox 740 3620 922 3690; x_wconf 55' lang='lat' dir='ltr'><strong>millesimi</strong></span> <span class='ocrx_word' id='word_1_379' title='bbox 938 3616 1114 3714; x_wconf 56' lang='lat' dir='ltr'><strong>quingen*</strong></span> <span class='ocrx_word' id='word_1_380' title='bbox 1267 3619 1409 3690; x_wconf 85' lang='lat' dir='ltr'><strong>Deinde</strong></span> <span class='ocrx_word' id='word_1_381' title='bbox 1435 3643 1499 3704; x_wconf 89' lang='lat' dir='ltr'><strong>ea,</strong></span> <span class='ocrx_word' id='word_1_382' title='bbox 1531 3644 1624 3716; x_wconf 87' lang='lat' dir='ltr'><strong>quac</strong></span> <span class='ocrx_word' id='word_1_383' title='bbox 1650 3622 1689 3690; x_wconf 91' lang='lat' dir='ltr'><strong>in</strong></span> <span class='ocrx_word' id='word_1_384' title='bbox 1715 3622 1779 3690; x_wconf 84' lang='lat' dir='ltr'><strong>tall</strong></span> <span class='ocrx_word' id='word_1_385' title='bbox 1805 3633 1932 3692; x_wconf 86' lang='lat' dir='ltr'><strong>senatu</strong></span> <span class='ocrx_word' id='word_1_386' title='bbox 1958 3633 1993 3692; x_wconf 89' lang='lat' dir='ltr'><strong>et</strong></span> <span class='ocrx_word' id='word_1_387' title='bbox 2016 3643 2161 3692; x_wconf 87' lang='lat' dir='ltr'><strong>summo</strong></span> 
     </span>
     <span class='ocr_line' id='line_1_34' title="bbox 115 3719 2163 3818; baseline -0 -23"><span class='ocrx_word' id='word_1_388' title='bbox 115 3725 236 3797; x_wconf 82' lang='lat' dir='ltr'><strong>terimi</strong></span> <span class='ocrx_word' id='word_1_389' title='bbox 259 3727 391 3796; x_wconf 86' lang='lat' dir='ltr'><strong>decimi</strong></span> <span class='ocrx_word' id='word_1_390' title='bbox 413 3725 522 3811; x_wconf 92' lang='lat' dir='ltr'><strong>noni,</strong></span> <span class='ocrx_word' id='word_1_391' title='bbox 557 3726 596 3794; x_wconf 91' lang='lat' dir='ltr'><strong>in</strong></span> <span class='ocrx_word' id='word_1_392' title='bbox 622 3727 709 3794; x_wconf 89' lang='lat' dir='ltr'><strong>aede</strong></span> <span class='ocrx_word' id='word_1_393' title='bbox 730 3723 817 3793; x_wconf 84' lang='lat' dir='ltr'><strong>Divi</strong></span> <span class='ocrx_word' id='word_1_394' title='bbox 839 3719 1113 3793; x_wconf 77' lang='lat' dir='ltr'><strong>Bartholomaei</strong></span> <span class='ocrx_word' id='word_1_395' title='bbox 1165 3723 1323 3794; x_wconf 80' lang='lat' dir='ltr'><strong>consilio</strong></span> <span class='ocrx_word' id='word_1_396' title='bbox 1338 3723 1437 3795; x_wconf 78' lang='lat' dir='ltr'><strong>orbis</strong></span> <span class='ocrx_word' id='word_1_397' title='bbox 1454 3736 1632 3794; x_wconf 87' lang='lat' dir='ltr'><strong>terrarum</strong></span> <span class='ocrx_word' id='word_1_398' title='bbox 1649 3723 1787 3818; x_wconf 89' lang='lat' dir='ltr'><strong>requiri</strong></span> <span class='ocrx_word' id='word_1_399' title='bbox 1801 3737 1971 3817; x_wconf 87' lang='lat' dir='ltr'><strong>possunt,</strong></span> <span class='ocrx_word' id='word_1_400' title='bbox 1999 3723 2104 3794; x_wconf 84' lang='lat' dir='ltr'><strong>video</strong></span> <span class='ocrx_word' id='word_1_401' title='bbox 2121 3723 2163 3794; x_wconf 85' lang='lat' dir='ltr'><strong>in</strong></span> 
     </span>
     <span class='ocr_line' id='line_1_35' title="bbox 115 3823 2161 3921; baseline -0 -24"><span class='ocrx_word' id='word_1_402' title='bbox 115 3827 412 3914; x_wconf 76' lang='lat' dir='ltr'><strong>Franouisedise,</strong></span> <span class='ocrx_word' id='word_1_403' title='bbox 426 3823 791 3921; x_wconf 68' lang='lat' dir='ltr'><strong>utuuspiciabornm</strong></span> <span class='ocrx_word' id='word_1_404' title='bbox 810 3826 1113 3916; x_wconf 76' lang='lat' dir='ltr'><strong>consilioramcs·</strong></span> <span class='ocrx_word' id='word_1_405' title='bbox 1165 3826 1268 3899; x_wconf 85' lang='lat' dir='ltr'><strong>vobis</strong></span> <span class='ocrx_word' id='word_1_406' title='bbox 1290 3849 1382 3898; x_wconf 86' lang='lat' dir='ltr'><strong>esse:</strong></span> <span class='ocrx_word' id='word_1_407' title='bbox 1416 3849 1538 3897; x_wconf 89' lang='lat' dir='ltr'><strong>rerum</strong></span> <span class='ocrx_word' id='word_1_408' title='bbox 1563 3851 1689 3911; x_wconf 87' lang='lat' dir='ltr'><strong>usum,</strong></span> <span class='ocrx_word' id='word_1_409' title='bbox 1722 3828 1956 3920; x_wconf 89' lang='lat' dir='ltr'><strong>sapientiam,</strong></span> <span class='ocrx_word' id='word_1_410' title='bbox 1987 3827 2161 3920; x_wconf 88' lang='lat' dir='ltr'><strong>pietatem</strong></span> 
     </span>
     <span class='ocr_line' id='line_1_36' title="bbox 115 3927 2161 4024; baseline -0.001 -20"><span class='ocrx_word' id='word_1_411' title='bbox 115 3945 200 4004; x_wconf 82' lang='lat' dir='ltr'><strong>seut</strong></span> <span class='ocrx_word' id='word_1_412' title='bbox 216 3931 379 4016; x_wconf 75' lang='lat' dir='ltr'><strong>torticia,</strong></span> <span class='ocrx_word' id='word_1_413' title='bbox 413 3953 554 4004; x_wconf 80' lang='lat' dir='ltr'><strong>caenam</strong></span> <span class='ocrx_word' id='word_1_414' title='bbox 573 3931 781 4024; x_wconf 73' lang='lat' dir='ltr'><strong>despiritu</strong></span> <span class='ocrx_word' id='word_1_415' title='bbox 803 3930 935 4000; x_wconf 86' lang='lat' dir='ltr'><strong>Sancto</strong></span> <span class='ocrx_word' id='word_1_416' title='bbox 957 3930 1113 4000; x_wconf 81' lang='lat' dir='ltr'><strong>celebra·</strong></span> <span class='ocrx_word' id='word_1_417' title='bbox 1166 3952 1249 4022; x_wconf 77' lang='lat' dir='ltr'><strong>erga</strong></span> <span class='ocrx_word' id='word_1_418' title='bbox 1273 3927 1414 4014; x_wconf 89' lang='lat' dir='ltr'><strong>Deum,</strong></span> <span class='ocrx_word' id='word_1_419' title='bbox 1447 3930 1553 4000; x_wconf 86' lang='lat' dir='ltr'><strong>tidem</strong></span> <span class='ocrx_word' id='word_1_420' title='bbox 1579 3953 1661 4022; x_wconf 75' lang='lat' dir='ltr'><strong>erga</strong></span> <span class='ocrx_word' id='word_1_421' title='bbox 1688 3931 1968 4024; x_wconf 84' lang='lat' dir='ltr'><strong>rempublicam,</strong></span> <span class='ocrx_word' id='word_1_422' title='bbox 2001 3929 2161 4002; x_wconf 80' lang='lat' dir='ltr'><strong>stadium</strong></span> 
     </span>
     <span class='ocr_line' id='line_1_37' title="bbox 116 4029 2163 4130; baseline -0.001 -26"><span class='ocrx_word' id='word_1_423' title='bbox 116 4049 198 4104; x_wconf 76' lang='lat' dir='ltr'><strong>tum</strong></span> <span class='ocrx_word' id='word_1_424' title='bbox 214 4045 287 4120; x_wconf 78' lang='lat' dir='ltr'><strong>est,</strong></span> <span class='ocrx_word' id='word_1_425' title='bbox 311 4037 350 4104; x_wconf 88' lang='lat' dir='ltr'><strong>in</strong></span> <span class='ocrx_word' id='word_1_426' title='bbox 367 4059 442 4130; x_wconf 91' lang='lat' dir='ltr'><strong>quo</strong></span> <span class='ocrx_word' id='word_1_427' title='bbox 458 4037 503 4104; x_wconf 88' lang='lat' dir='ltr'><strong>ad</strong></span> <span class='ocrx_word' id='word_1_428' title='bbox 518 4052 618 4105; x_wconf 74' lang='lat' dir='ltr'><strong>marn</strong></span> <span class='ocrx_word' id='word_1_429' title='bbox 635 4048 769 4106; x_wconf 86' lang='lat' dir='ltr'><strong>stantes</strong></span> <span class='ocrx_word' id='word_1_430' title='bbox 785 4033 967 4104; x_wconf 68' lang='lat' dir='ltr'><strong>Electmes</strong></span> <span class='ocrx_word' id='word_1_431' title='bbox 982 4029 1114 4123; x_wconf 69' lang='lat' dir='ltr'><strong>singuli</strong></span> <span class='ocrx_word' id='word_1_432' title='bbox 1165 4033 1437 4128; x_wconf 84' lang='lat' dir='ltr'><strong>tranquillitatis</strong></span> <span class='ocrx_word' id='word_1_433' title='bbox 1453 4035 1667 4106; x_wconf 88' lang='lat' dir='ltr'><strong>communis.</strong></span> <span class='ocrx_word' id='word_1_434' title='bbox 1711 4033 1875 4130; x_wconf 86' lang='lat' dir='ltr'><strong>Cumque</strong></span> <span class='ocrx_word' id='word_1_435' title='bbox 1887 4035 2082 4126; x_wconf 88' lang='lat' dir='ltr'><strong>praecipue</strong></span> <span class='ocrx_word' id='word_1_436' title='bbox 2093 4052 2163 4102; x_wconf 89' lang='lat' dir='ltr'><strong>no-</strong></span> 
     </span>
     <span class='ocr_line' id='line_1_38' title="bbox 117 4133 2161 4232; baseline -0.002 -26"><span class='ocrx_word' id='word_1_437' title='bbox 117 4137 293 4222; x_wconf 74' lang='lat' dir='ltr'><strong>trabeati,</strong></span> <span class='ocrx_word' id='word_1_438' title='bbox 311 4139 544 4232; x_wconf 74' lang='lat' dir='ltr'><strong>inspectante</strong></span> <span class='ocrx_word' id='word_1_439' title='bbox 562 4133 738 4221; x_wconf 77' lang='lat' dir='ltr'><strong>Ecclesia,</strong></span> <span class='ocrx_word' id='word_1_440' title='bbox 763 4135 907 4228; x_wconf 79' lang='lat' dir='ltr'><strong>publice</strong></span> <span class='ocrx_word' id='word_1_441' title='bbox 929 4135 1116 4206; x_wconf 76' lang='lat' dir='ltr'><strong>iusiuran·</strong></span> <span class='ocrx_word' id='word_1_442' title='bbox 1164 4135 1220 4207; x_wconf 87' lang='lat' dir='ltr'><strong>bis</strong></span> <span class='ocrx_word' id='word_1_443' title='bbox 1234 4137 1426 4206; x_wconf 89' lang='lat' dir='ltr'><strong>concordia</strong></span> <span class='ocrx_word' id='word_1_444' title='bbox 1448 4158 1539 4229; x_wconf 90' lang='lat' dir='ltr'><strong>opus</strong></span> <span class='ocrx_word' id='word_1_445' title='bbox 1551 4136 1617 4221; x_wconf 88' lang='lat' dir='ltr'><strong>sit,</strong></span> <span class='ocrx_word' id='word_1_446' title='bbox 1644 4137 1851 4209; x_wconf 74' lang='lat' dir='ltr'><strong>declarastis</strong></span> <span class='ocrx_word' id='word_1_447' title='bbox 1868 4159 1909 4207; x_wconf 86' lang='lat' dir='ltr'><strong>ea</strong></span> <span class='ocrx_word' id='word_1_448' title='bbox 1928 4137 1967 4205; x_wconf 91' lang='lat' dir='ltr'><strong>in</strong></span> <span class='ocrx_word' id='word_1_449' title='bbox 1986 4159 2024 4204; x_wconf 90' lang='lat' dir='ltr'><strong>re</strong></span> <span class='ocrx_word' id='word_1_450' title='bbox 2041 4136 2161 4230; x_wconf 87' lang='lat' dir='ltr'><strong>aliqua</strong></span> 
     </span>
     <span class='ocr_line' id='line_1_39' title="bbox 116 4238 2162 4336; baseline -0.002 -26"><span class='ocrx_word' id='word_1_451' title='bbox 116 4243 208 4310; x_wconf 75' lang='lat' dir='ltr'><strong>dam</strong></span> <span class='ocrx_word' id='word_1_452' title='bbox 227 4241 392 4334; x_wconf 68' lang='lat' dir='ltr'><strong>religiose</strong></span> <span class='ocrx_word' id='word_1_453' title='bbox 418 4241 611 4313; x_wconf 85' lang='lat' dir='ltr'><strong>dederunt:</strong></span> <span class='ocrx_word' id='word_1_454' title='bbox 642 4265 683 4312; x_wconf 83' lang='lat' dir='ltr'><strong>se</strong></span> <span class='ocrx_word' id='word_1_455' title='bbox 700 4242 796 4310; x_wconf 77' lang='lat' dir='ltr'><strong>bona</strong></span> <span class='ocrx_word' id='word_1_456' title='bbox 818 4239 891 4308; x_wconf 85' lang='lat' dir='ltr'><strong>lide</strong></span> <span class='ocrx_word' id='word_1_457' title='bbox 908 4249 1114 4312; x_wconf 81' lang='lat' dir='ltr'><strong>servatmoc</strong></span> <span class='ocrx_word' id='word_1_458' title='bbox 1166 4263 1209 4309; x_wconf 82' lang='lat' dir='ltr'><strong>ex</strong></span> <span class='ocrx_word' id='word_1_459' title='bbox 1222 4252 1324 4332; x_wconf 87' lang='lat' dir='ltr'><strong>parte</strong></span> <span class='ocrx_word' id='word_1_460' title='bbox 1337 4239 1559 4309; x_wconf 84' lang='lat' dir='ltr'><strong>voluntatem</strong></span> <span class='ocrx_word' id='word_1_461' title='bbox 1576 4249 1743 4325; x_wconf 84' lang='lat' dir='ltr'><strong>vestram,</strong></span> <span class='ocrx_word' id='word_1_462' title='bbox 1768 4241 1865 4336; x_wconf 90' lang='lat' dir='ltr'><strong>quod</strong></span> <span class='ocrx_word' id='word_1_463' title='bbox 1882 4238 1959 4309; x_wconf 89' lang='lat' dir='ltr'><strong>siue</strong></span> <span class='ocrx_word' id='word_1_464' title='bbox 1975 4250 2162 4307; x_wconf 82' lang='lat' dir='ltr'><strong>contuma-</strong></span> 
     </span>
     <span class='ocr_line' id='line_1_40' title="bbox 116 4334 2161 4441; baseline -0.001 -27"><span class='ocrx_word' id='word_1_465' title='bbox 116 4345 318 4416; x_wconf 62' lang='lat' dir='ltr'><strong>&amp;cretatis</strong></span> <span class='ocrx_word' id='word_1_466' title='bbox 333 4347 520 4430; x_wconf 85' lang='lat' dir='ltr'><strong>electione,</strong></span> <span class='ocrx_word' id='word_1_467' title='bbox 534 4367 628 4441; x_wconf 85' lang='lat' dir='ltr'><strong>qaae</strong></span> <span class='ocrx_word' id='word_1_468' title='bbox 640 4345 682 4412; x_wconf 82' lang='lat' dir='ltr'><strong>in</strong></span> <span class='ocrx_word' id='word_1_469' title='bbox 699 4365 809 4414; x_wconf 80' lang='lat' dir='ltr'><strong>aerea</strong></span> <span class='ocrx_word' id='word_1_470' title='bbox 817 4341 921 4412; x_wconf 88' lang='lat' dir='ltr'><strong>Bulla</strong></span> <span class='ocrx_word' id='word_1_471' title='bbox 938 4334 1112 4434; x_wconf 89' lang='lat' dir='ltr'><strong>(sicenim</strong></span> <span class='ocrx_word' id='word_1_472' title='bbox 1166 4342 1219 4412; x_wconf 89' lang='lat' dir='ltr'><strong>cia</strong></span> <span class='ocrx_word' id='word_1_473' title='bbox 1245 4365 1369 4413; x_wconf 87' lang='lat' dir='ltr'><strong>omues</strong></span> <span class='ocrx_word' id='word_1_474' title='bbox 1392 4341 1610 4434; x_wconf 89' lang='lat' dir='ltr'><strong>intempore</strong></span> <span class='ocrx_word' id='word_1_475' title='bbox 1631 4341 1859 4414; x_wconf 85' lang='lat' dir='ltr'><strong>convenistis.</strong></span> <span class='ocrx_word' id='word_1_476' title='bbox 1911 4341 2161 4435; x_wconf 81' lang='lat' dir='ltr'><strong>Quamobrem</strong></span> 
     </span>
     <span class='ocr_line' id='line_1_41' title="bbox 117 4442 2163 4543; baseline -0 -27"><span class='ocrx_word' id='word_1_477' title='bbox 117 4445 577 4539; x_wconf 76' lang='lat' dir='ltr'><strong>lmperliuoustitutionem</strong></span> <span class='ocrx_word' id='word_1_478' title='bbox 594 4449 742 4543; x_wconf 75' lang='lat' dir='ltr'><strong>uocant)</strong></span> <span class='ocrx_word' id='word_1_479' title='bbox 766 4445 903 4518; x_wconf 81' lang='lat' dir='ltr'><strong>sancita</strong></span> <span class='ocrx_word' id='word_1_480' title='bbox 920 4457 1015 4515; x_wconf 84' lang='lat' dir='ltr'><strong>suut.</strong></span> <span class='ocrx_word' id='word_1_481' title='bbox 1067 4443 1115 4514; x_wconf 66' lang='lat' dir='ltr'><strong>Et</strong></span> <span class='ocrx_word' id='word_1_482' title='bbox 1166 4443 1269 4514; x_wconf 80' lang='lat' dir='ltr'><strong>vebis</strong></span> <span class='ocrx_word' id='word_1_483' title='bbox 1291 4443 1436 4535; x_wconf 90' lang='lat' dir='ltr'><strong>publico</strong></span> <span class='ocrx_word' id='word_1_484' title='bbox 1456 4443 1605 4514; x_wconf 87' lang='lat' dir='ltr'><strong>nominc</strong></span> <span class='ocrx_word' id='word_1_485' title='bbox 1622 4445 1755 4535; x_wconf 79' lang='lat' dir='ltr'><strong>gratias</strong></span> <span class='ocrx_word' id='word_1_486' title='bbox 1771 4467 1851 4538; x_wconf 79' lang='lat' dir='ltr'><strong>ago.</strong></span> <span class='ocrx_word' id='word_1_487' title='bbox 1904 4443 2075 4514; x_wconf 76' lang='lat' dir='ltr'><strong>litmodo</strong></span> <span class='ocrx_word' id='word_1_488' title='bbox 2090 4442 2163 4515; x_wconf 87' lang='lat' dir='ltr'><strong>ius·</strong></span> 
     </span>
     <span class='ocr_line' id='line_1_42' title="bbox 116 4546 2191 4646; baseline -0.004 -23"><span class='ocrx_word' id='word_1_489' title='bbox 116 4549 316 4623; x_wconf 72' lang='lat' dir='ltr'><strong>miuillca</strong></span> <span class='ocrx_word' id='word_1_490' title='bbox 333 4555 378 4623; x_wconf 88' lang='lat' dir='ltr'><strong>de</strong></span> <span class='ocrx_word' id='word_1_491' title='bbox 389 4551 607 4623; x_wconf 83' lang='lat' dir='ltr'><strong>reinamea</strong></span> <span class='ocrx_word' id='word_1_492' title='bbox 623 4551 727 4621; x_wconf 84' lang='lat' dir='ltr'><strong>Bulla</strong></span> <span class='ocrx_word' id='word_1_493' title='bbox 742 4550 883 4644; x_wconf 86' lang='lat' dir='ltr'><strong>publice</strong></span> <span class='ocrx_word' id='word_1_494' title='bbox 897 4547 979 4618; x_wconf 88' lang='lat' dir='ltr'><strong>lecti</strong></span> <span class='ocrx_word' id='word_1_495' title='bbox 994 4559 1089 4620; x_wconf 85' lang='lat' dir='ltr'><strong>sunt.</strong></span> <span class='ocrx_word' id='word_1_496' title='bbox 1166 4547 1359 4618; x_wconf 88' lang='lat' dir='ltr'><strong>iurandum</strong></span> <span class='ocrx_word' id='word_1_497' title='bbox 1384 4547 1548 4631; x_wconf 79' lang='lat' dir='ltr'><strong>dedistis,</strong></span> <span class='ocrx_word' id='word_1_498' title='bbox 1583 4546 1727 4617; x_wconf 79' lang='lat' dir='ltr'><strong>crimin</strong></span> <span class='ocrx_word' id='word_1_499' title='bbox 1750 4549 1898 4620; x_wconf 87' lang='lat' dir='ltr'><strong>caeteris</strong></span> <span class='ocrx_word' id='word_1_500' title='bbox 1923 4547 2083 4619; x_wconf 82' lang='lat' dir='ltr'><strong>articulis</strong></span> <span class='ocrx_word' id='word_1_501' title='bbox 2097 4547 2191 4646; x_wconf 78' lang='lat' dir='ltr'><strong>ob·¹</strong></span> 
     </span>
     <span class='ocr_line' id='line_1_43' title="bbox 221 4649 2163 4742; baseline -0.004 -18"><span class='ocrx_word' id='word_1_502' title='bbox 221 4653 313 4725; x_wconf 66' lang='lat' dir='ltr'><strong>Mox</strong></span> <span class='ocrx_word' id='word_1_503' title='bbox 330 4653 453 4726; x_wconf 73' lang='lat' dir='ltr'><strong>abate</strong></span> <span class='ocrx_word' id='word_1_504' title='bbox 473 4655 511 4726; x_wconf 90' lang='lat' dir='ltr'><strong>in</strong></span> <span class='ocrx_word' id='word_1_505' title='bbox 533 4654 728 4727; x_wconf 84' lang='lat' dir='ltr'><strong>sacrarium</strong></span> <span class='ocrx_word' id='word_1_506' title='bbox 751 4653 901 4724; x_wconf 88' lang='lat' dir='ltr'><strong>interius</strong></span> <span class='ocrx_word' id='word_1_507' title='bbox 923 4651 1000 4722; x_wconf 87' lang='lat' dir='ltr'><strong>eius</strong></span> <span class='ocrx_word' id='word_1_508' title='bbox 1021 4663 1116 4721; x_wconf 90' lang='lat' dir='ltr'><strong>tem-</strong></span> <span class='ocrx_word' id='word_1_509' title='bbox 1166 4661 1429 4742; x_wconf 78' lang='lat' dir='ltr'><strong>temperaturos</strong></span> <span class='ocrx_word' id='word_1_510' title='bbox 1454 4673 1521 4721; x_wconf 88' lang='lat' dir='ltr'><strong>vos</strong></span> <span class='ocrx_word' id='word_1_511' title='bbox 1544 4672 1620 4721; x_wconf 85' lang='lat' dir='ltr'><strong>esse</strong></span> <span class='ocrx_word' id='word_1_512' title='bbox 1643 4651 1798 4742; x_wconf 80' lang='lat' dir='ltr'><strong>legibus,</strong></span> <span class='ocrx_word' id='word_1_513' title='bbox 1829 4663 1906 4722; x_wconf 88' lang='lat' dir='ltr'><strong>tum</strong></span> <span class='ocrx_word' id='word_1_514' title='bbox 1933 4670 2022 4720; x_wconf 79' lang='lat' dir='ltr'><strong>vcro</strong></span> <span class='ocrx_word' id='word_1_515' title='bbox 2044 4649 2084 4717; x_wconf 87' lang='lat' dir='ltr'><strong>iu</strong></span> <span class='ocrx_word' id='word_1_516' title='bbox 2103 4671 2163 4732; x_wconf 89' lang='lat' dir='ltr'><strong>eo,</strong></span> 
     </span>
     <span class='ocr_line' id='line_1_44' title="bbox 116 4751 2162 4852; baseline -0.005 -21"><span class='ocrx_word' id='word_1_517' title='bbox 116 4756 193 4852; x_wconf 79' lang='lat' dir='ltr'><strong>pli,</strong></span> <span class='ocrx_word' id='word_1_518' title='bbox 219 4755 282 4830; x_wconf 75' lang='lat' dir='ltr'><strong>chi</strong></span> <span class='ocrx_word' id='word_1_519' title='bbox 305 4760 417 4830; x_wconf 85' lang='lat' dir='ltr'><strong>veteri</strong></span> <span class='ocrx_word' id='word_1_520' title='bbox 437 4781 541 4831; x_wconf 83' lang='lat' dir='ltr'><strong>ruore</strong></span> <span class='ocrx_word' id='word_1_521' title='bbox 559 4759 651 4830; x_wconf 80' lang='lat' dir='ltr'><strong>solet</strong></span> <span class='ocrx_word' id='word_1_522' title='bbox 666 4756 906 4838; x_wconf 68' lang='lat' dir='ltr'><strong>electionem,</strong></span> <span class='ocrx_word' id='word_1_523' title='bbox 933 4754 1115 4846; x_wconf 85' lang='lat' dir='ltr'><strong>principes</strong></span> <span class='ocrx_word' id='word_1_524' title='bbox 1166 4753 1230 4849; x_wconf 90' lang='lat' dir='ltr'><strong>qui</strong></span> <span class='ocrx_word' id='word_1_525' title='bbox 1264 4756 1310 4822; x_wconf 92' lang='lat' dir='ltr'><strong>ad</strong></span> <span class='ocrx_word' id='word_1_526' title='bbox 1344 4753 1569 4841; x_wconf 75' lang='lat' dir='ltr'><strong>retinendam</strong></span> <span class='ocrx_word' id='word_1_527' title='bbox 1605 4777 1834 4826; x_wconf 87' lang='lat' dir='ltr'><strong>communem</strong></span> <span class='ocrx_word' id='word_1_528' title='bbox 1862 4751 2162 4847; x_wconf 81' lang='lat' dir='ltr'><strong>tranquillitatem</strong></span> 
     </span>
     <span class='ocr_line' id='line_1_45' title="bbox 113 4851 2163 4958; baseline -0.005 -26"><span class='ocrx_word' id='word_1_529' title='bbox 113 4860 646 4956; x_wconf 53' lang='lat' dir='ltr'><strong>&amp;warmacensemibi</strong></span> <span class='ocrx_word' id='word_1_530' title='bbox 659 4859 906 4958; x_wconf 76' lang='lat' dir='ltr'><strong>Mogentiana,</strong></span> <span class='ocrx_word' id='word_1_531' title='bbox 924 4871 966 4928; x_wconf 86' lang='lat' dir='ltr'><strong>ut</strong></span> <span class='ocrx_word' id='word_1_532' title='bbox 982 4855 1115 4928; x_wconf 77' lang='lat' dir='ltr'><strong>aettbe-</strong></span> <span class='ocrx_word' id='word_1_533' title='bbox 1165 4855 1357 4950; x_wconf 84' lang='lat' dir='ltr'><strong>praecipue</strong></span> <span class='ocrx_word' id='word_1_534' title='bbox 1381 4857 1557 4948; x_wconf 86' lang='lat' dir='ltr'><strong>pertinet,</strong></span> <span class='ocrx_word' id='word_1_535' title='bbox 1588 4855 1726 4943; x_wconf 82' lang='lat' dir='ltr'><strong>utilit,</strong></span> <span class='ocrx_word' id='word_1_536' title='bbox 1766 4856 1829 4951; x_wconf 85' lang='lat' dir='ltr'><strong>qui</strong></span> <span class='ocrx_word' id='word_1_537' title='bbox 1848 4852 2008 4949; x_wconf 89' lang='lat' dir='ltr'><strong>plurium</strong></span> <span class='ocrx_word' id='word_1_538' title='bbox 2032 4851 2163 4926; x_wconf 77' lang='lat' dir='ltr'><strong>sutiru-</strong></span> 
     </span>
     <span class='ocr_line' id='line_1_46' title="bbox 113 4957 2163 5059; baseline -0.003 -22"><span class='ocrx_word' id='word_1_539' title='bbox 113 4962 300 5040; x_wconf 75' lang='lat' dir='ltr'><strong>causum</strong></span> <span class='ocrx_word' id='word_1_540' title='bbox 325 4967 590 5059; x_wconf 71' lang='lat' dir='ltr'><strong>auspicaretur,</strong></span> <span class='ocrx_word' id='word_1_541' title='bbox 616 4959 713 5034; x_wconf 89' lang='lat' dir='ltr'><strong>bane</strong></span> <span class='ocrx_word' id='word_1_542' title='bbox 735 4965 781 5033; x_wconf 88' lang='lat' dir='ltr'><strong>ad</strong></span> <span class='ocrx_word' id='word_1_543' title='bbox 796 4963 959 5054; x_wconf 77' lang='lat' dir='ltr'><strong>Collegae</strong></span> <span class='ocrx_word' id='word_1_544' title='bbox 980 4961 1115 5031; x_wconf 70' lang='lat' dir='ltr'><strong>orado</strong></span> <span class='ocrx_word' id='word_1_545' title='bbox 1166 4959 1233 5053; x_wconf 75' lang='lat' dir='ltr'><strong>giis</strong></span> <span class='ocrx_word' id='word_1_546' title='bbox 1264 4981 1327 5029; x_wconf 85' lang='lat' dir='ltr'><strong>rer</strong></span> <span class='ocrx_word' id='word_1_547' title='bbox 1359 4969 1501 5030; x_wconf 86' lang='lat' dir='ltr'><strong>creatos</strong></span> <span class='ocrx_word' id='word_1_548' title='bbox 1534 4972 1569 5028; x_wconf 86' lang='lat' dir='ltr'><strong>et</strong></span> <span class='ocrx_word' id='word_1_549' title='bbox 1602 4957 1829 5030; x_wconf 69' lang='lat' dir='ltr'><strong>rementiatur</strong></span> <span class='ocrx_word' id='word_1_550' title='bbox 1858 4957 1991 5041; x_wconf 80' lang='lat' dir='ltr'><strong>tuerit,</strong></span> <span class='ocrx_word' id='word_1_551' title='bbox 2036 4975 2163 5030; x_wconf 80' lang='lat' dir='ltr'><strong>omnes</strong></span> 
     </span>
     <span class='ocr_line' id='line_1_47' title="bbox 115 5062 1350 5161; baseline -0.005 -21"><span class='ocrx_word' id='word_1_552' title='bbox 115 5089 204 5140; x_wconf 76' lang='lat' dir='ltr'><strong>nem</strong></span> <span class='ocrx_word' id='word_1_553' title='bbox 221 5063 366 5145; x_wconf 73' lang='lat' dir='ltr'><strong>itobuit.</strong></span> <span class='ocrx_word' id='word_1_554' title='bbox 416 5069 469 5140; x_wconf 85' lang='lat' dir='ltr'><strong>Ut</strong></span> <span class='ocrx_word' id='word_1_555' title='bbox 487 5071 529 5140; x_wconf 89' lang='lat' dir='ltr'><strong>in</strong></span> <span class='ocrx_word' id='word_1_556' title='bbox 556 5065 700 5161; x_wconf 91' lang='lat' dir='ltr'><strong>publico</strong></span> <span class='ocrx_word' id='word_1_557' title='bbox 724 5088 826 5138; x_wconf 84' lang='lat' dir='ltr'><strong>sacro</strong></span> <span class='ocrx_word' id='word_1_558' title='bbox 845 5077 931 5135; x_wconf 85' lang='lat' dir='ltr'><strong>vota</strong></span> <span class='ocrx_word' id='word_1_559' title='bbox 953 5065 1115 5148; x_wconf 66' lang='lat' dir='ltr'><strong>mimus,</strong></span> <span class='ocrx_word' id='word_1_560' title='bbox 1167 5062 1350 5134; x_wconf 88' lang='lat' dir='ltr'><strong>obediant.</strong></span> 
     </span>
     <span class='ocr_line' id='line_1_48' title="bbox 114 5162 2164 5266; baseline -0.006 -22"><span class='ocrx_word' id='word_1_561' title='bbox 114 5183 162 5244; x_wconf 85' lang='lat' dir='ltr'><strong>ut</strong></span> <span class='ocrx_word' id='word_1_562' title='bbox 181 5171 279 5246; x_wconf 73' lang='lat' dir='ltr'><strong>Desa</strong></span> <span class='ocrx_word' id='word_1_563' title='bbox 301 5173 478 5266; x_wconf 71' lang='lat' dir='ltr'><strong>gubernet</strong></span> <span class='ocrx_word' id='word_1_564' title='bbox 503 5171 650 5243; x_wconf 72' lang='lat' dir='ltr'><strong>enuntia</strong></span> <span class='ocrx_word' id='word_1_565' title='bbox 671 5183 797 5242; x_wconf 86' lang='lat' dir='ltr'><strong>nostra</strong></span> <span class='ocrx_word' id='word_1_566' title='bbox 821 5171 866 5238; x_wconf 91' lang='lat' dir='ltr'><strong>de</strong></span> <span class='ocrx_word' id='word_1_567' title='bbox 886 5187 928 5238; x_wconf 87' lang='lat' dir='ltr'><strong>re</strong></span> <span class='ocrx_word' id='word_1_568' title='bbox 950 5167 1116 5238; x_wconf 83' lang='lat' dir='ltr'><strong>omnium</strong></span> <span class='ocrx_word' id='word_1_569' title='bbox 1271 5165 1394 5259; x_wconf 88' lang='lat' dir='ltr'><strong>Quare</strong></span> <span class='ocrx_word' id='word_1_570' title='bbox 1420 5165 1508 5237; x_wconf 85' lang='lat' dir='ltr'><strong>satis</strong></span> <span class='ocrx_word' id='word_1_571' title='bbox 1534 5165 1719 5260; x_wconf 80' lang='lat' dir='ltr'><strong>previsum</strong></span> <span class='ocrx_word' id='word_1_572' title='bbox 1752 5175 1805 5235; x_wconf 85' lang='lat' dir='ltr'><strong>est</strong></span> <span class='ocrx_word' id='word_1_573' title='bbox 1830 5162 2085 5248; x_wconf 66' lang='lat' dir='ltr'><strong>iurdurando,</strong></span> <span class='ocrx_word' id='word_1_574' title='bbox 2116 5179 2164 5232; x_wconf 80' lang='lat' dir='ltr'><strong>ne</strong></span> 
     </span>
     <span class='ocr_line' id='line_1_49' title="bbox 115 5259 2164 5366; baseline -0.006 -20"><span class='ocrx_word' id='word_1_575' title='bbox 115 5277 300 5362; x_wconf 67' lang='lat' dir='ltr'><strong>mamma,</strong></span> <span class='ocrx_word' id='word_1_576' title='bbox 333 5277 503 5349; x_wconf 78' lang='lat' dir='ltr'><strong>videlicet</strong></span> <span class='ocrx_word' id='word_1_577' title='bbox 528 5277 574 5346; x_wconf 88' lang='lat' dir='ltr'><strong>de</strong></span> <span class='ocrx_word' id='word_1_578' title='bbox 603 5273 767 5366; x_wconf 66' lang='lat' dir='ltr'><strong>eligendo</strong></span> <span class='ocrx_word' id='word_1_579' title='bbox 789 5269 1029 5365; x_wconf 85' lang='lat' dir='ltr'><strong>lmperatore:</strong></span> <span class='ocrx_word' id='word_1_580' title='bbox 1064 5269 1115 5339; x_wconf 83' lang='lat' dir='ltr'><strong>ita</strong></span> <span class='ocrx_word' id='word_1_581' title='bbox 1168 5289 1239 5364; x_wconf 74' lang='lat' dir='ltr'><strong>qua</strong></span> <span class='ocrx_word' id='word_1_582' title='bbox 1270 5267 1413 5363; x_wconf 90' lang='lat' dir='ltr'><strong>publica</strong></span> <span class='ocrx_word' id='word_1_583' title='bbox 1443 5267 1483 5337; x_wconf 90' lang='lat' dir='ltr'><strong>in</strong></span> <span class='ocrx_word' id='word_1_584' title='bbox 1503 5266 1659 5360; x_wconf 82' lang='lat' dir='ltr'><strong>imperio</strong></span> <span class='ocrx_word' id='word_1_585' title='bbox 1678 5266 1859 5339; x_wconf 87' lang='lat' dir='ltr'><strong>discordia</strong></span> <span class='ocrx_word' id='word_1_586' title='bbox 1884 5266 2037 5338; x_wconf 86' lang='lat' dir='ltr'><strong>oriatur.</strong></span> <span class='ocrx_word' id='word_1_587' title='bbox 2094 5259 2164 5334; x_wconf 72' lang='lat' dir='ltr'><strong>trie</strong></span> 
     </span>
     <span class='ocr_line' id='line_1_50' title="bbox 117 5365 2163 5476; baseline -0.007 -27"><span class='ocrx_word' id='word_1_588' title='bbox 117 5399 218 5450; x_wconf 86' lang='lat' dir='ltr'><strong>nunc</strong></span> <span class='ocrx_word' id='word_1_589' title='bbox 247 5393 440 5476; x_wconf 74' lang='lat' dir='ltr'><strong>postquam</strong></span> <span class='ocrx_word' id='word_1_590' title='bbox 471 5379 656 5471; x_wconf 64' lang='lat' dir='ltr'><strong>amirato</strong></span> <span class='ocrx_word' id='word_1_591' title='bbox 680 5377 726 5447; x_wconf 83' lang='lat' dir='ltr'><strong>etl</strong></span> <span class='ocrx_word' id='word_1_592' title='bbox 749 5371 842 5451; x_wconf 76' lang='lat' dir='ltr'><strong>hanc</strong></span> <span class='ocrx_word' id='word_1_593' title='bbox 864 5371 1115 5446; x_wconf 69' lang='lat' dir='ltr'><strong>difficillimam</strong></span> <span class='ocrx_word' id='word_1_594' title='bbox 1168 5372 1287 5444; x_wconf 85' lang='lat' dir='ltr'><strong>aditus</strong></span> <span class='ocrx_word' id='word_1_595' title='bbox 1316 5374 1362 5442; x_wconf 90' lang='lat' dir='ltr'><strong>ad</strong></span> <span class='ocrx_word' id='word_1_596' title='bbox 1393 5390 1539 5443; x_wconf 87' lang='lat' dir='ltr'><strong>causam</strong></span> <span class='ocrx_word' id='word_1_597' title='bbox 1562 5381 1746 5456; x_wconf 85' lang='lat' dir='ltr'><strong>nostram,</strong></span> <span class='ocrx_word' id='word_1_598' title='bbox 1788 5371 1924 5442; x_wconf 78' lang='lat' dir='ltr'><strong>bonam</strong></span> <span class='ocrx_word' id='word_1_599' title='bbox 1949 5365 2037 5439; x_wconf 86' lang='lat' dir='ltr'><strong>mibi</strong></span> <span class='ocrx_word' id='word_1_600' title='bbox 2061 5380 2163 5458; x_wconf 84' lang='lat' dir='ltr'><strong>spem</strong></span> 
     </span>
    </p>
   </div>
   <div class='ocr_carea' id='block_1_5' title="bbox 117 5469 2164 5572">
    <p class='ocr_par' dir='ltr' id='par_1_6' title="bbox 117 5469 2164 5572">
     <span class='ocr_line' id='line_1_51' title="bbox 117 5469 2164 5572; baseline -0.006 -20"><span class='ocrx_word' id='word_1_601' title='bbox 117 5482 416 5555; x_wconf 82' lang='lat' dir='ltr'><strong>deliberationem</strong></span> <span class='ocrx_word' id='word_1_602' title='bbox 429 5476 694 5567; x_wconf 77' lang='lat' dir='ltr'><strong>inchoandam,</strong></span> <span class='ocrx_word' id='word_1_603' title='bbox 716 5481 813 5550; x_wconf 74' lang='lat' dir='ltr'><strong>baar</strong></span> <span class='ocrx_word' id='word_1_604' title='bbox 826 5479 922 5572; x_wconf 77' lang='lat' dir='ltr'><strong>ipsas</strong></span> <span class='ocrx_word' id='word_1_605' title='bbox 937 5499 1019 5552; x_wconf 76' lang='lat' dir='ltr'><strong>eras</strong></span> <span class='ocrx_word' id='word_1_606' title='bbox 1031 5489 1118 5548; x_wconf 78' lang='lat' dir='ltr'><strong>ctu-</strong></span> <span class='ocrx_word' id='word_1_607' title='bbox 1167 5469 1253 5546; x_wconf 82' lang='lat' dir='ltr'><strong>iecit</strong></span> <span class='ocrx_word' id='word_1_608' title='bbox 1267 5477 1312 5546; x_wconf 86' lang='lat' dir='ltr'><strong>de</strong></span> <span class='ocrx_word' id='word_1_609' title='bbox 1326 5473 1490 5559; x_wconf 69' lang='lat' dir='ltr'><strong>macris,</strong></span> <span class='ocrx_word' id='word_1_610' title='bbox 1504 5495 1601 5569; x_wconf 79' lang='lat' dir='ltr'><strong>quae</strong></span> <span class='ocrx_word' id='word_1_611' title='bbox 1612 5473 1753 5547; x_wconf 74' lang='lat' dir='ltr'><strong>‘retunt</strong></span> <span class='ocrx_word' id='word_1_612' title='bbox 1769 5476 1920 5568; x_wconf 70' lang='lat' dir='ltr'><strong>agenda.</strong></span> <span class='ocrx_word' id='word_1_613' title='bbox 1953 5473 2023 5543; x_wconf 77' lang='lat' dir='ltr'><strong>Sed</strong></span> <span class='ocrx_word' id='word_1_614' title='bbox 2038 5477 2164 5540; x_wconf 84' lang='lat' dir='ltr'><strong>tamen</strong></span> 
     </span>
    </p>
   </div>
   <div class='ocr_carea' id='block_1_6' title="bbox 0 0 2460 5958">
    <p class='ocr_par' dir='ltr' id='par_1_7' title="bbox 0 0 2460 5958">
     <span class='ocr_line' id='line_1_52' title="bbox 0 0 2460 5958; baseline 0 0"><span class='ocrx_word' id='word_1_615' title='bbox 0 0 2460 5958; x_wconf 95' lang='lat' dir='ltr'><strong> </strong></span> 
     </span>
    </p>
   </div>
  </div>
 </body>
</html>
