4920 5956
327 233 413 341 eos
747 340 751 350 ι
854 217 1511 316 eunucuscareravaau
1536 221 1844 320 mensuare
2292 227 2360 307 τι»
2427 335 2428 344 Ν

327 401 486 496 opprimi
506 399 715 480 videantur,
742 394 953 490 quasivero
983 415 1059 480 non
1079 392 1178 460 illam
1202 392 1342 486 ipsam
1371 417 1447 476 non
1474 393 1661 486 ignoratis.
1713 390 1935 486 Theologia,
1968 395 2090 488 pietas,
2103 396 2211 468 simul
2234 397 2358 468 cecide-

328 473 825 598 elegantioresh'litirbtu‘rarn
837 493 1035 586 Evangelio
1051 495 1214 565 debeant.
1312 496 1314 504 ’
1371 516 1421 567 re.
1472 495 1593 589 Quam
1609 496 1639 566 si
1653 491 1900 568 conservatam
1915 497 2103 582 volumus,
2129 511 2170 568 ut
2185 499 2358 586 debemus,
2427 501 2428 542 ³

429 601 596 700 Habetis,
628 625 718 711 quae
741 623 862 670 caussa
886 599 969 696 pios
988 599 1188 667 necessario
1205 597 1319 667 addi·
1371 599 1486 689 agite,
1513 622 1660 691 operam
1687 603 1832 686 demus,
1864 599 2127 688 negintercidat
2148 601 2358 694 eloquentia.
2427 627 2428 648 ¹

327 703 475 797 scendas
496 699 617 776 literas
640 702 843 794 ac'linguas
864 695 1085 770 adhortetur.
1139 699 1244 771 Nunc
1261 723 1320 770 su-
1370 699 1454 771 Non
1474 695 1544 775 hoe
1559 699 1686 788 iubeo,
1704 702 1752 774 'ut
1766 713 1910 796 praeter
1926 692 2137 797 prophanus
2154 715 2297 773 autores
2312 705 2359 770 ni·
2427 737 2428 746 κ

306 865 308 868 -
325 802 474 913 p'erje'pt,¹
492 807 723 892 ut‘indicem,
750 825 820 904 qua
837 803 895 872 via
913 801 1101 874 discendae
1118 800 1200 874 sint.
1371 796 1424 871 hil
1442 801 1645 892 attingatis,
1670 805 1731 874 sed
1749 791 1918 898 cohiungi
1939 805 2023 892 volo
2048 805 2165 874 studia
2192 806 2358 900 eloquen-
2427 807 2428 850 3

351 911 374 930 “’
412 902 637 1000 'Indicarunt
658 911 756 988 illam
779 905 876 976 docti
895 902 1061 976 homines
1087 905 1255 1000 quidam,
1286 915 1322 972 et
1371 903 1442 972 tiae
1464 929 1545 976 cum
1563 906 1691 988 sacris,
1718 919 1759 974 ut
1777 907 1927 975 alterum
1945 906 2048 974 alteri
2065 907 2123 975 vel
2140 921 2358 992 ornamento,

326 1013 367 1094 ih
379 1012 506 1112 primis
525 1002 737 1088 Erasmus
761 1011 799 1078 in
816 1028 858 1084 eo
875 1007 1185 1090 commentariolo,
1212 1028 1320 1100 quem
1372 1005 1429 1075 vel
1452 1005 1585 1076 auxilio
1610 1008 1667 1078 sit.
1701 997 1810 1078 -Tam
1833 1033 1900 1079 nec
1922 994 2055 1107 lalinaqe
2075 1009 2201 1078 literae
2225 1010 2358 1100 penitus

327 1125 371 1193 de
388 1116 529 1190 'ratione
551 1115 710 1186 discendi
723 1111 938 1204 inscriptum
954 1108 1085 1194 edidit,
1112 1133 1217 1206 quem
1235 1109 1319 1180 volo
1372 1108 1449 1180 sine
1467 1107 1602 1200 graecis
1620 1109 1765 1200 agnosci
1783 1121 1945 1204 possunt.
1995 1106 2194 1204 Propterea
2210 1111 2358 1204 postulo,

326 1214 512 1296 utiterum
529 1232 637 1313 atque
652 1217 781 1287 iterum
805 1213 983 1305 relegatis.
1028 1211 1084 1281 De
1107 1237 1185 1288 mea
1207 1211 1322 1280 inter·
1372 1221 1413 1281 ut
1432 1211 1621 1283 succisivas
1645 1224 1786 1287 tantum
1809 1209 1918 1284 horas
1936 1212 2082 1282 Graecis
2104 1213 2279 1283 discendis
2301 1214 2358 1282 irn-

326 1328 378 1395 im
395 1316 570 1398 sententia
588 1322 717 1390 dicam.
768 1317 882 1388 Plane
905 1313 1145 1386 necessarium
1169 1339 1241 1384 esse
1267 1313 1321 1382 iu·
1373 1313 1547 1404 pertiatis.
1596 1311 1691 1384 Nam
1710 1314 1960 1409 quiinsacras
1977 1313 2120 1400 literas,
2146 1315 2289 1385 incultis
2307 1317 2358 1384 ad·

329 1417 430 1511 dico,
445 1414 498 1497 *ut
518 1425 557 1492 in
578 1422 691 1494 literis
710 1417 985 1491 humanioribus
1003 1438 1045 1487 eo
1064 1417 1321 1494 contendamus
1372 1412 1443 1485 huc
1475 1427 1511 1484 et
1537 1412 1687 1486 rudibus
1708 1417 1883 1508 ingeniis,
1916 1418 2069 1488 necdum
2095 1417 2177 1487 ullo'
2196 1417 2360 1512 praeditis

329 1508 501 1612 evadere,
525 1515 1323 1617 utlatinalingua'(quandohacleredicen·
1373 1517 1521 1600 iudicio,
1548 1517 1704 1602 irruunt,
1728 1521 1816 1615 quid
1832 1519 1929 1590 aliud
1945 1531 2102 1610 ponent,
2129 1543 2236 1613 quam
2254 1544 2360 1588 novas
2427 1595 2428 1604 χ

327 1619 663 1730 describendoque
694 1624 848 1722 utimur)
871 1648 961 1718 pure
991 1625 1093 1719 loqui
1117 1637 1152 1694 et
1168 1621 1322 1693 scribere
1374 1621 1519 1704 scotos,
1546 1633 1581 1688 et
1595 1615 1781 1692 Thomas?
1832 1621 2035 1692 Prudenter
2051 1633 2284 1706 monuerunt,
2306 1622 2360 1716 qui

328 1728 518 1831 possimus.
566 1727 802 1806 ,Confusanea
826 1730 1004 1822 quaedam
1026 1751 1104 1810 res,
1138 1723 1322 1794 barbaries
1374 1747 1474 1795 sacra
1506 1736 1727 1824 monuerunt
1756 1724 1885 1814 attingi
1914 1724 2024 1795 illotis
2052 1723 2229 1794 manibus.
2290 1721 2359 1816 Ego

330 1851 402 1922 est,
429 1848 464 1905 et
477 1825 569 1910 nihil
582 1831 651 1904 sibi
666 1843 844 1902 constans.
897 1829 1020 1922 Quare
1034 1829 1103 1901 nisi
1122 1841 1254 1899 certam
1269 1827 1323 1897 lo·
1375 1849 1461 1899 vero
1485 1848 1603 1919 neque
1625 1821 1790 1897 barbaris
1813 1827 1890 1898 istis
1912 1825 2065 1920 ingeniis
2088 1825 2268 1896 sordidari
2294 1837 2359 1894 tam

331 1925 475 2050 q'p'endi'
500 1935 750 2105 scribendique
782 1933 961 2006 rationem
983 1941 1136 2030 ¹teneas,
1168 1953 1214 2000 ne
1246 1941 1323 2003 ate
1374 1928 1570 2021 pretiosam
1585 1929 1818 2022 margaritam
1833 1929 1929 1999 volo.
1967 1919 2056 1998 'Scio
2074 1929 2219 2020 spiritus
2232 1927 2360 2022 requiri
2427 1955 2428 1958 ¹

331 2031 483 2139 q'hidem'
502 2052 597 2109 recte
617 2035 768 2130 inteligi
791 2037 923 2129 possis:
965 2047 1107 2104 tantum
1130 2033 1250 2116 abest,
1284 2029 1338 2101 nt'
1376 2033 1423 2100 ad
1440 2026 1690 2102 tractationem
1706 2055 1892 2104 sacrarum
1908 2031 2113 2128 literarum,
2140 2055 2215 2100 non
2230 2031 2360 2124 linguas

330 2126 494 2239 posteros
504 2131 755 2214 'intellecturos
768 2161 899 2232 speres.
935 2130 1019 2210 ¹Nisi
1037 2137 1115 2232 qnis
1131 2147 1245 2232 putet,
1269 2133 1324 2202 in·
1376 2146 1530 2206 tantum.
1582 2133 1651 2204 Sed
1675 2134 1785 2204 altera
1811 2133 1926 2226 poscit
1948 2157 2053 2224 opem
2072 2158 2127 2204 res
2146 2134 2309 2218 alterius,
2331 2145 2362 2201 et

331 2250 397 2320 tra'.
417 2235 564 2321 ventum
594 2267 718 2314 omnes
743 2241 869 2326 tuisse,
904 2239 970 2338 qui
989 2237 1087 2309 Scoti
1113 2239 1169 2309 vel
1197 2235 1324 2308 similis
1376 2247 1576 2307 commutat
1605 2236 1730 2308 amice.
1789 2235 1837 2306 Et
1865 2237 2005 2327 linguas
2030 2249 2065 2307 et
2084 2235 2230 2329 spiritus
2255 2237 2360 2326 exigo.

333 2335 470 2423 auloris'
484 2335 592 2417 verba
610 2356 646 2416 et
661 2339 805 2442 φράσιν
806 2343 915 2517 §non
932 2343 1027 2415 enim
1049 2365 1145 2414 nunc
1161 2342 1324 2411 derebus
1375 2339 1422 2410 Et
1443 2340 1578 2411 Paulus
1605 2339 1730 2432 erigit,
1764 2353 1805 2410 ut
1826 2339 1957 2432 linguis
1980 2340 2198 2434 loquantur,
2230 2349 2264 2406 et
2288 2362 2361 2432 pro·

331 2433 480 2549 lp'quor)
504 2449 753 2543 intelligerent.
842 2468 932 2540 eque
947 2463 1039 2513 'vero
1063 2445 1252 2540 qnisquam
1269 2465 1326 2512 ar·
1376 2440 1546 2537 phetent:
1588 2443 1748 2513 Proinde
1773 2467 1881 2536 quam
1904 2465 2050 2534 possum
2074 2466 2138 2512 vos
2162 2453 2285 2511 sancte
2307 2441 2362 2510 ob

332 2541 485 2625 bitretur
502 2578 559 2636 se,
586 2545 724 2621 relectis
739 2550 878 2619 duabus
893 2547 1035 2640 paginis
1050 2545 1226 2628 Terentii,
1252 2540 1324 2613 iam
1377 2559 1509 2644 testor,
1548 2557 1588 2616 ut
1616 2546 1662 2614 ad
1687 2542 1808 2617 literas
1836 2557 1913 2615 tum
1939 2545 2089 2628 latinas,
2124 2555 2200 2611 tum
2227 2567 2362 2634 graecas

226 2709 232 2721 .
334 2667 561 2728 consecutum
578 2678 653 2726 esse
668 2650 810 2722 dicendi
822 2651 1041 2722 facultatem.
1074 2649 1190 2721 Multa
1203 2647 1326 2718 lectio·
1377 2649 1562 2720 discendas
1578 2645 1855 2717 accommodetis
1871 2648 2023 2730 animos,
2039 2645 2110 2715 nisi
2125 2654 2271 2714 omnem
2288 2670 2362 2737 ope-

332 2759 548 2846 ng,:rpplto,
558 2781 623 2846 usn
634 2753 820 2846 scribendi
842 2765 878 2840 et
901 2752 1064 2840 dicendi,
1089 2754 1204 2826 multo
1226 2775 1326 2822 exer·
1377 2776 1456 2821 ram
1479 2765 1515 2821 et
1538 2750 1736 2842 impensam
1763 2750 1870 2820 etiam
1896 2750 1932 2818 in
1953 2747 2062 2820 sacris
2085 2749 2235 2842 perdere
2251 2747 2361 2818 vultis.

334 2859 765 2948 citiostili„vix‚tandem
780 2879 890 2949 queas
908 2855 1091 2948 consequi,
1117 2868 1159 2926 ut
1172 2877 1326 2948 propere
1376 2851 1557 2950 Equidem
1588 2876 1706 2949 neque
1740 2875 1942 2936 sacrarum,
1977 2872 2093 2946 neque
2127 2845 2361 2921 humanarum

333 2962 506 3065 lpquapis.
544 2959 887 3053 ,Exercebatuetianr
906 2958 1072 3048 superine
1091 2959 1328 3033 aetasiuven·
1376 2958 1565 3026 literarum
1588 2972 1735 3048 prorsus
1758 2957 1904 3046 ignarus
1925 2965 1995 3028 ‘vos
2018 2977 2171 3038 moneo,
2207 2954 2271 3057 qui
2292 2952 2362 3044 plus

333 3079 472 3154 tutem,
501 3063 719 3154 sedparurn
739 3073 895 3135 strenue.
946 3053 999 3137 lla
1022 3061 1156 3133 factum
1180 3073 1255 3144 est,
1286 3071 1328 3130 ut
1377 3058 1570 3130 valituram
1593 3077 1700 3150 spero
1720 3052 1815 3127 hanc
1838 3053 2038 3127 orationem
2060 3069 2190 3136 meam.
2243 3055 2362 3123 Hacte-

334 3163 745 3260 ipterieritelnquentia.
800 3163 904 3237 ntunc
918 3187 999 3235 curn
1013 3161 1328 3250 illantrestituerit¹
1377 3188 1445 3234 nus
1469 3165 1513 3234 de
1533 3161 1641 3234 sacris
1660 3173 1799 3232 tantum
1818 3152 1923 3231 diri.¹
1956 3161 2101 3246 Restat,
2126 3159 2173 3230 ut'
2183 3161 2227 3228 de
2243 3183 2281 3227 re
2297 3182 2364 3226 me·

333 3269 454 3367 Dgus,
483 3267 600 3356 modis
623 3266 790 3339 omnibus
816 3265 980 3356 divinum
1001 3289 1131 3354 munus
1148 3279 1326 3348 tueamur.
1377 3267 1476 3351 dica,
1502 3279 1538 3335 et
1553 3255 1862 3360 aliis'quibusdam
1879 3262 2014 3354 'artibus
2033 3262 2164 3332 dicam.

136 3442 140 3452 ,
213 3385 250 3476 J
334 3372 575 3465 Collapspilla
592 3371 790 3465 quondam,
814 3380 990 3464 quantam
1003 3368 1147 3441 ruinam
1165 3366 1330 3456 traxerit,
1764 3457 1776 3468 Ι,
1925 3374 1931 3390 ’
2007 3363 2137 3449 'Anno
2153 3375 2219 3433 etc.
2236 3361 2317 3454 xxij.

756 3603 762 3613 '
827 3657 830 3662 -
869 3559 1124 3701 Pbtitppaa
1150 3583 1495 3723 Metanobtltoa
1521 3581 1660 3682 amieo.
1694 3610 1749 3688 Χ8,
1776 3587 1873 3691 1)...ss
1907 3649 1937 3689 ·.
1973 3670 1985 3692 ,,
2023 3557 2026 3567 ·

354 3843 387 3854 ..
437 3781 546 3873 Quod
573 3773 829 3869 Wittenberga
863 3776 1058 3861 discedenti
1095 3777 1164 3848 tibi
1204 3802 1327 3866 censu-
1378 3771 1477 3860 vius,
1510 3795 1619 3874 qnam
1646 3769 1834 3872 Evangelii
1853 3763 2088 3869 mysterium,
2121 3771 2311 3868 pacisque,
2334 3781 2365 3838 et

333 3874 486 3968 tamin
510 3881 651 3956 Aurelii
674 3878 866 3972 Augustini
899 3880 1011 3955 libros
1043 3902 1119 3950 non
1151 3881 1326 3966 dederim,
1378 3876 1612 3974 tranquillam
1645 3877 1810 3951 omnium,
1837 3878 2012 3948 mentium
2036 3901 2111 3953 seu
2134 3872 2364 3947 conscientia·

334 3983 723 4106 quanqnamcanssari
744 4005 820 4072 non
844 3982 993 4053 omnino
1018 3993 1152 4056 temere
1174 4007 1326 4076 occupa·
1378 4007 1459 4052 rum
1484 3981 1664 4055 rationem
1689 3979 1820 4053 nosse?
1858 3972 1974 4076 'Quae
1997 3987 2106 4076 quam
2122 4003 2198 4053 non
2215 3987 2365 4072 praestet

333 4102 449 4185 tropen
479 4111 577 4180 meas
605 4109 767 4177 possem,
802 4095 924 4177 tomen
952 4085 1059 4176 fateri
1083 4086 1226 4178 culpam
1249 4109 1325 4156 ma·
1378 4085 1443 4156 ista
1460 4081 1711 4179 sophistarum
1729 4081 1929 4186 θεολογία,
1955 4106 2029 4160 non
2047 4083 2204 4175 ignoras.
2257 4081 2365 4153 Modo

332 4193 546 4282 lo,-nempe
570 4191 672 4280 apud.
691 4184 868 4274 amicum‚
895 4211 976 4261 cum
993 4188 1151 4261 delatum
1169 4190 1324 4274 officinm
1378 4187 1537 4278 persiste.
1589 4185 1710 4259 Erunt
1732 4188 1848 4272 enim,
1875 4199 2019 4282 quaete
2035 4186 2081 4257 ab
2096 4185 2262 4257 instituto
2278 4183 2367 4254 avel-

332 4293 508 4384 praestari
523 4316 618 4367 nurtc
637 4315 783 4386 quoque
799 4289 911 4381 possit
926 4287 1007 4382 pari
1023 4293 1229 4364 commodo.
1265 4289 1326 4378 Li·
1376 4291 1450 4360 lere
1467 4289 1713 4375 conabuntur,
1739 4289 1861 4379 variae
1878 4279 2012 4361 diaboli
2030 4288 2193 4361 insidiae.
2243 4283 2367 4358 Etali·
2427 4327 2428 4352 1

332 4397 464 4479 beuter,
482 4393 769 4485 gratificantibi,
793 4417 870 4480 npn
892 4393 1136 4477 modoamico
1154 4394 1326 4478 tali,.sed
1378 4396 1525 4487 quando
1542 4407 1659 4465 tecum
1677 4393 1752 4486 ipse
1765 4391 1978 4477 luctaberis,
2003 4393 2119 4464 donec
2136 4416 2282 4486 sensum
2300 4411 2367 4459 car·

333 4498 475 4592 etquis,
485 4499 532 4600 de
548 4499 655 4591 rebus
675 4491 878 4576 christianis
900 4495 1121 4588 interpeller.
1173 4497 1325 4571 Mirifice
1377 4498 1433 4567 nis
1455 4497 1608 4568 evincas.
1659 4495 1786 4591 Neque
1810 4495 1905 4570 enim
1925 4495 2065 4572 felicius
2090 4493 2234 4576 discere,
2251 4517 2367 4592 queas,

332 4624 490 4694 namque
504 4601 656 4693 gaudeo,
677 4599 904 4671 resinceram
922 4595 1160 4691 Theologiam
1174 4601 1231 4670 vel
1244 4613 1326 4672 tan·
1378 4625 1487 4694 quam
1512 4593 1574 4676 ubi
1595 4611 1630 4669 te
1647 4599 1760 4668 animi
1775 4599 1828 4669 tui
1845 4588 2062 4671 conflictatio
2078 4589 2266 4670 erudierit.
2316 4595 2366 4666 sie

332 4706 423 4788 dem
442 4704 564 4796 attona
590 4724 634 4772 ex
659 4713 761 4792 parte
784 4705 1006 4795 degustasse:
1043 4727 1134 4796 quae
1157 4727 1229 4796 quo
1249 4728 1326 4775 rna-
1378 4693 1597 4780 enimdocet
1622 4701 1740 4794 spiri
1750 4691 1833 4774 tus.
1878 4699 2048 4774 Nostram
2066 4698 2366 4794 Theologiamvi-

332 4807 674 4912 gispromovetnr„
695 4828 738 4872 eo
760 4804 873 4896 magis
891 4804 1071 4880 dulcescit.
1122 4803 1227 4881 Certe
1248 4805 1326 4894 fieri
1377 4808 1509 4876 dentur
1538 4803 1709 4876 adiuvare
1740 4800 1832 4876 nulli
1853 4829 1970 4901 neque
1993 4806 2284 4889 neotericorum,
2311 4825 2364 4871 ne

331 4931 410 5024 neg
421 4920 558 4999 potest,
584 4906 673 5002 quin
689 4906 846 4999 primum
865 4907 1025 4991 offendat
1040 4908 1222 4994 animum,
1249 4933 1337 4996 car·¹
1378 4933 1448 5007 que
1463 4922 1624 4983 veterum
1641 4909 1878 5002 scriptorum,
1896 4919 2040 5000 praeter
2055 4905 2318 4999 augustinum,
2336 4913 2367 4972 et

331 5010 409 5093 nala
428 5011 491 5081 illa
514 5005 759 5101 sophistarum
784 5010 948 5082 doctrina
972 5024 1198 5106 correptum,
1237 5008 1328 5096 haec
1376 5013 1550 5106 pauculos
1582 5009 1750 5083 Graecos.
1815 5009 1989 5104 Origenes
2023 5010 2177 5081 nimium
2213 5007 2366 5104 pbiloso

331 5111 527 5202 spiritualis
542 5107 792 5204 philosophia,
818 5117 914 5206 quod
938 5109 995 5206 (nt
1010 5114 1145 5186 Paulus
1161 5115 1228 5214 ait)
1250 5139 1323 5184 non
1378 5111 1522 5207 phatur.
1572 5113 1815 5208 Hieronymus
1833 5139 1878 5185 ne
1893 5113 1931 5182 in
1947 5111 2098 5206 dialogis
2113 5113 2286 5209 quidem,
2312 5119 2368 5180 aut

330 5212 461 5284 sentiat
483 5214 648 5286 anintalis
674 5209 805 5299 homo,
831 5239 923 5310 quae
946 5228 1030 5286 arant
1045 5218 1203 5308 spiritus.
1255 5215 1325 5288 Sed
1376 5218 1484 5289 Pauli
1503 5215 1771 5289 commentariis
1794 5219 2011 5311 adsequutus
2036 5230 2088 5288 est
2099 5215 2205 5287 Pauli
2228 5227 2367 5286 senten·

331 5339 501 5386 amurcae
523 5317 660 5387 radices
677 5319 1056 5408 suntsructusdnlces.
1110 5316 1208 5413 Quid
1228 5318 1323 5390 enim
1377 5321 1478 5394 tiam.
1536 5319 1658 5414 Quare
1681 5321 1820 5392 nullum
1844 5319 1971 5392 feceris
1993 5319 2106 5410 magis
2133 5343 2268 5413 operae
2293 5339 2367 5412 pre·

330 5418 540 5526 amabilius,
582 5443 691 5518 quarn
716 5418 849 5496 Christi
875 5420 1059 5516 cognitio?
1120 5418 1220 5518 Quid
1242 5447 1323 5498 sna·
1378 5425 1487 5510 tium,
1522 5447 1631 5519 qnam
1658 5423 1722 5496 ubi
1754 5436 1789 5495 te
1817 5423 1862 5494 ad
1889 5423 1986 5516 ipsos
2011 5424 2146 5510 fontes,
2180 5420 2229 5492 atl
2256 5421 2366 5516 ipsam
