4864 5966
311 281 388 357 aar
904 281 1030 355 arna.
1057 279 1168 356 unt.
1195 280 1404 355 sontem
1423 213 1829 355 eunonomce'
2030 223 2038 232 ’
2276 282 2349 359 ses

312 455 389 532 rice
427 453 471 522 ab
489 523 496 532 ,
514 451 675 522 llomero
692 504 711 539 ,.
757 449 966 524 humanitus
1006 465 1041 524 et
1084 448 1304 527 humaniter.
1346 467 1500 547 tempus
1523 453 1743 547 significare,
1767 465 1829 541 nt,
1860 453 1913 525 ibi
1936 477 2004 548 pro
2030 467 2108 526 tum
2130 477 2236 548 saepe
2263 456 2349 525 acci-

312 555 500 651 Quaedam
523 555 618 626 enim
642 555 741 624 varie
766 557 975 628 efferuntur.
1043 554 1156 649 Saepe
1184 570 1304 628 autem
1357 557 1469 651 pitnr.

312 672 349 731 et
366 658 514 734 nomina
532 671 661 751 genere
677 671 808 730 neutro
829 660 920 730 bunt
938 660 1129 744 adverbia,
1156 671 1215 744 nt,
1250 661 1306 730 in·
1460 658 1584 754 Usque
1601 671 1637 729 et
1653 659 1877 753 temporibus
1893 671 1929 730 et
1943 660 2032 730 locis
2047 660 2348 746 accommodatur,

311 763 391 834 lans
406 785 529 833 recens
550 774 677 846 natus,
703 774 739 831 et
755 762 908 834 Graece:
945 775 1087 832 torvum
1107 761 1305 861 clamat¹').
1358 775 1394 833 et
1411 763 1558 834 additur
1576 762 1724 834 vocibus
1739 762 1827 834 alias
1852 764 1897 833 de
1919 762 2021 848 loco,
2053 762 2143 835 alias
2161 765 2210 833 ad
2231 763 2347 835 locum

415 863 693 958 significationis
708 866 820 937 multa
837 866 955 959 capita
978 879 1081 952 sunt,
1109 866 1209 938 cuius
1230 866 1305 936 vim
1358 865 1659 958 significantibus,
1686 879 1727 936 ut
1744 865 1886 936 Cicero:
1914 865 2038 962 Usque
2057 867 2103 936 ad
2117 865 2347 938 Numantiam

311 970 362 1040 ita
377 982 474 1040 recte
488 969 623 1063 poterit
638 969 825 1062 pervidere
840 994 943 1063 puer,
969 970 1000 1042 si
1017 969 1189 1063 cogitabit
1204 969 1305 1039 illam
1358 968 1468 1041 misit.
1534 967 1583 1040 Et
1604 967 1814 1042 Terentius:
1856 967 1912 1040 Ex
1938 964 2131 1061 Aethiopia
2161 992 2277 1065 usqne
2303 982 2351 1042 est

313 1072 524 1154 varietatem
540 1072 810 1166 significationis
826 1097 869 1143 cx
885 1073 1059 1144 varietate
1073 1073 1307 1145 circumstan-
1358 1069 1460 1145 baec.
1511 1070 1559 1144 Et
1572 1095 1641 1166 pro
1656 1068 1807 1143 Archia:
1833 1068 1922 1145 lnde
1944 1097 2058 1169 usque
2079 1095 2100 1142 a
2124 1072 2244 1166 prima
2270 1095 2350 1166 pue·

312 1176 447 1248 tiarum
461 1176 501 1245 in
517 1176 718 1247 actionibus
734 1176 845 1248 nasci.
898 1175 991 1249 Nam
1006 1189 1168 1270 tempus,
1194 1177 1308 1261 locus,
1359 1175 1444 1246 ritia
1461 1189 1639 1269 repetens.
2357 1169 2361 1176 ’

313 1279 516 1376 quantitas,
543 1279 697 1373 qualitas
711 1292 778 1350 etc.
792 1274 884 1350 nihil
901 1291 1004 1366 sunt,
1030 1279 1101 1352 nisi
1122 1279 1306 1351 actionum
1461 1275 1547 1352 Non
1581 1277 1784 1350 adsciscunt
1805 1276 2005 1378 'nominum
2039 1301 2140 1350 casus
2171 1277 2350 1365 adverbia,

313 1381 612 1454 circumstantiae.
664 1380 712 1454 Et
734 1383 817 1476 quia
835 1381 1001 1455 Donatus
1024 1383 1138 1477 probe
1159 1406 1308 1476 percen-
1360 1382 1515 1476 ideoque
1531 1381 1751 1475 scripserunt
1769 1392 1906 1454 veteres
1921 1379 2181 1466 Grammatici,
2204 1383 2350 1475 degene-

312 1486 385 1558 suit
406 1485 525 1577 capita
550 1484 841 1579 significationis,
883 1511 903 1556 a
932 1486 1038 1559 nobis
1061 1483 1152 1557 nihil
1180 1486 1309 1557 attinet
1360 1509 1442 1556 rare
1466 1484 1505 1553 in
1528 1483 1815 1578 praepositiones
1836 1484 2006 1555 adverbia
2029 1508 2150 1556 casum
2179 1485 2349 1579 recipien-

312 1587 426 1682 repeti
434 1586 495 1680 ⁸⁸).
988 1603 995 1616 '
1165 1645 1167 1650 .
1360 1587 1425 1672 tia,
1450 1600 1492 1658 ut
1503 1587 1634 1682 pridie,
1656 1588 1754 1683 quod
1768 1587 1928 1681 priorem
1946 1587 2041 1659 diem
2058 1585 2248 1682 significat,
2271 1589 2349 1660 alies

416 1689 575 1762 Tantum
591 1685 662 1763 boc
679 1693 880 1764 monendos
894 1691 1066 1786 putabam
1083 1715 1235 1785 pueros,
1267 1703 1310 1762 ut
1360 1689 1580 1788 genitivum,
1607 1691 1698 1762 alias
1712 1691 1953 1762 accusativum
1973 1689 2157 1778 adsciscit,
2181 1704 2224 1764 ut
2232 1691 2348 1764 Cicero

312 1793 503 1884 diligenter
517 1795 710 1866 observent
721 1792 897 1864 'naturam
921 1794 1090 1865 localium
1119 1794 1308 1864 adverbio·
1361 1795 1407 1864 ad
1431 1790 1644 1865 Lentulum:
1684 1792 1808 1864 Pridie
1830 1793 1907 1884 eius
1928 1794 2002 1864 dici
2021 1794 2258 1888 fregeramus.
2309 1793 2349 1866 lit

313 1921 415 1982 rum,
457 1921 550 1991 quae
574 1896 614 1965 in
638 1898 741 1980 loco,
784 1921 877 1992 quae
900 1900 945 1967 ad
968 1899 1110 1982 locum,
1149 1921 1242 1993 quae
1263 1898 1307 1967 dc
1360 1896 1477 1991 pridie
1493 1921 1609 1968 nonas
1626 1894 1769 1982 lunias,
1795 1897 1842 1966 ad
1858 1897 2040 1991 Appium,
2066 1911 2101 1968 et
2116 1897 2164 1968 ad
2178 1899 2347 1970 Atticum:

313 2000 393 2068 loco
410 1998 620 2089 significent.
668 1998 762 2074 Nam
774 2023 821 2102 ‘ea
837 1999 876 2069 in
889 2023 928 2071 re
944 2023 1208 2096 nonnunquam
1227 2024 1312 2094 pec-‚
1359 2000 1483 2071 Pridie
1500 2000 1719 2094 compitalia.
1771 1998 1954 2072 Postridie
1969 2014 2022 2072 est
2036 2013 2183 2094 postero
2200 2001 2279 2087 dic,
2298 2025 2347 2094 ge·

313 2115 428 2173 catur.
487 2170 493 2182 ,
1360 2103 1513 2174 nitivum
1532 2116 1567 2173 et
1585 2103 1825 2175 accusativum
1843 2103 2017 2177 adsciscit.

415 2201 457 2273 ln
475 2205 554 2274 loco
569 2203 790 2295 significant,
817 2200 887 2291 hic,
913 2205 999 2290 illic,
1026 2205 1116 2289 istic,
1142 2205 1206 2290 ibi,
1233 2202 1309 2288 ubi,

312 2305 535 2400 ubicunque,
561 2307 717 2402 ubique,
750 2307 886 2393 ubivis,
919 2309 1027 2393 alibi,
1058 2309 1173 2393 intus,
1206 2307 1308 2392 loris,

313 2434 442 2502 supra,
465 2411 625 2494 droben,
652 2409 767 2493 infra,
792 2412 971 2484 drundcn.
1021 2412 1189 2483 Tibullus
1203 2407 1307 2483 libl.

314 2513 401 2603 cleg.
422 2513 481 2584 10.
510 2509 599 2608 [vss.
614 2508 665 2582 36
680 2507 775 2608 sq.]:

381 2630 443 2681 tton
460 2641 545 2694 seges
563 2632 609 2681 sst
624 2629 716 2696 tetre,
740 2642 796 2681 non
813 2629 897 2681 mnes
913 2631 1007 2698 cutte,
1030 2631 1081 2682 ssd
1099 2630 1190 2681 sudsx

383 2713 543 2778 cerberus,
568 2717 598 2764 et
615 2713 735 2780 stygtss
753 2713 850 2765 nartts
867 2715 966 2780 puppis
984 2727 1081 2780 eques.

1731 2255 1971 2348 .Figura

1464 2373 1643 2468 Simplex,
1678 2388 1720 2446 ut
1740 2377 1950 2468 prudenter.

1464 2478 1695 2570 Composita,
1727 2492 1769 2551 ut
1795 2479 1966 2550 interdiu.

1463 2578 1744 2674 Decomposita,
1777 2594 1817 2653 nt
1838 2581 2101 2675 imprudenter.

1703 2733 2014 2827 Comparatio.

1464 2851 1645 2924 Adverbia
1663 2866 1741 2923 orta
1761 2877 1782 2924 a
1804 2853 2014 2928 nominibus
2039 2853 2247 2940 adiectivis,
2279 2851 2347 2922 imi·

1361 2965 1485 3027 tantur
1503 2956 1693 3027 nominum
1711 2956 2040 3050 comparationem,
2067 2971 2102 3030 et
2119 2957 2298 3052 rccipiunt
2315 2955 2348 3024 in

1362 3059 1628 3131 constructione
1663 3083 1765 3131 casus
1799 3059 2038 3155 comparativi
2070 3073 2106 3132 et
2136 3059 2348 3154 superlativi,

1360 3162 1504 3233 fortiter
1518 3163 1647 3233 lortius
1663 3163 1870 3235 fortissime.
1930 3164 1989 3234 Sic
2011 3176 2047 3234 ct
2073 3167 2254 3260 quaedam
2277 3161 2348 3244 alia,

1360 3288 1437 3335 non
1451 3278 1536 3336 nata
1552 3288 1572 3334 a
1589 3267 1818 3351 nominibus,
1843 3290 1950 3361 saepe
1973 3267 2117 3360 saepius
2140 3265 2348 3362 saepissime.

1360 3368 1486 3463 Nuper
1502 3367 1731 3462 nuperrime,
1758 3369 1835 3441 sinc
1852 3370 2112 3465 comparativo.

415 2801 472 2868 Ad
485 2799 627 2886 locum,
652 2797 743 2885 huc,
768 2799 873 2886 illuc,
897 2803 1009 2886 istuc,
1034 2827 1099 2887 eo,
1125 2826 1218 2897 quo,
1245 2803 1310 2873 ali-

313 2927 407 2999 quo,
442 2925 583 2996 nequo,
616 2903 743 2996 siquo,
776 2927 1014 3000 quocunque,
1049 2906 1167 2990 intro,
1199 2905 1309 2978 foras.

312 3005 392 3077 lluc
407 3004 612 3097 pertinent,
639 3028 733 3100 quae
749 3017 785 3075 et
801 3029 926 3079 versus
947 3009 1067 3080 locum
1094 3007 1309 3101 significant,

312 3121 372 3192 ut,
412 3107 631 3192 introrsum,
671 3121 890 3194 retrorsum,
925 3135 1086 3196 sursum,
1126 3113 1309 3197 deorsum,

312 3233 508 3307 quorsum,
534 3211 760 3295 laevorsum,
786 3212 1025 3286 dextrorsum.
1075 3214 1167 3287 Sunt
1187 3228 1306 3286 autem

312 3313 512 3407 composita
528 3337 547 3382 a
564 3337 708 3398 versus,
734 3316 834 3411 quod
857 3315 1000 3388 videtur
1023 3313 1157 3390 habere
1181 3319 1307 3389 adver-

311 3415 364 3488 bii
379 3416 689 3512 significationem.
715 3417 809 3490 Nam
825 3431 860 3489 et
874 3421 1181 3513 praepositionem
1199 3421 1306 3490 aliam

311 3519 489 3615 permittit
504 3520 647 3590 nomini
664 3520 824 3614 adiungi,
835 3534 875 3593 nt
883 3523 1024 3597 Plinius
1039 3525 1101 3598 lib.
1111 3524 1147 3598 6.
1157 3549 1236 3617 cap.
1246 3524 1307 3599 32.
1609 3537 1677 3610 DE
1711 3537 2112 3613 PRAEPOSITIONE.

310 3623 368 3694 Ad
392 3648 554 3695 occasum
581 3647 717 3696 versus.
780 3623 828 3694 Et
852 3626 985 3700 Caesar
1013 3627 1090 3702 sine
1124 3627 1309 3724 praeposi-

244 3753 249 3758 ·
311 3727 429 3798 tione:
456 3726 653 3800 Massiliam
670 3751 806 3799 versus.

413 3827 583 3914 Deloco,
608 3827 714 3915 hinc,
742 3830 863 3916 illinc,
897 3831 1025 3917 istinc,
1062 3833 1165 3918 inde,
1199 3836 1309 3919 unde,

311 3931 497 4017 alicunde,
524 3932 691 4017 coelitus,
716 3933 896 4021 funditus,
928 3935 1123 4020 radicitus,
1155 3936 1308 4020 inferne,

310 4058 484 4128 superne,
520 4036 619 4130 qnod
645 4036 772 4127 vulgus
800 4037 888 4108 dicit
918 4039 1083 4131 desuper.
1150 4038 1307 4111 Plinius:

309 4142 509 4231 Argentum
535 4135 676 4208 innatal
697 4162 874 4231 superne,
913 4139 1005 4212 sicut
1034 4142 1154 4212 oleum
1178 4165 1308 4237 aquae,

310 4242 442 4328 idest,
469 4242 633 4335 desuper.

414 4345 485 4415 Per
500 4346 641 4432 locum,
666 4340 754 4430 bac,
780 4343 1011 4431 illac,istac,
1034 4370 1167 4443 nequa,
1192 4347 1308 4443 siqua.
1733 4345 1948 4416 ‘Accidit
2000 4367 2002 4370 ·

414 4445 511 4517 Inter
543 4449 673 4518 localia
707 4458 902 4521 numerant
937 4449 1046 4519 etiam
1087 4445 1154 4521 hos
1187 4471 1307 4522 casus:
1462 4460 1732 4554 praepositioni
1764 4461 2013 4549 constructio,
2058 4487 2172 4559 eaque
2203 4465 2280 4534 sere
2314 4483 2350 4530 er

312 4550 433 4634 dmi,
458 4550 630 4637 militiae,
650 4547 775 4636 humi,
799 4551 889 4622 ruri·
1359 4562 1512 4634 Donato
1533 4567 1701 4657 cognosci
1725 4578 1865 4658 potest,
1909 4568 1972 4637 sed
1996 4577 2050 4637 est
2080 4568 2173 4636 mira
2203 4565 2350 4635 varietas

414 4649 523 4737 ilem,
568 4654 717 4747 pr⁰t>ri³
747 4654 896 4725 1¹⁰fflin³
929 4657 1113 4741 l⁰t⁰ffl¹¹1‚
1153 4653 1308 4740 R⁰¹¹¹³⁸s
1360 4665 1630 4759 significationis
1646 4667 1754 4738 ctiam
1770 4669 1809 4738 in
1823 4669 1951 4740 iisdem
1973 4669 2132 4754 casibus,
2156 4693 2270 4764 quarn
2292 4687 2350 4736 nos

310 4752 489 4841 limam,
514 4755 742 4841 R⁰1¹¹³2¹¹0³
762 4757 857 4856 fule!
879 4759 1028 4829 nomina
1055 4757 1307 4855 relinqulmffls
1360 4772 1492 4861 regulis
1517 4771 1707 4864 complecti
1729 4795 1806 4842 non
1827 4795 2040 4865 possumus,
2069 4797 2136 4844 usu
2156 4770 2302 4865 legendi
2320 4778 2349 4837 et

312 4859 427 4955 deque
460 4859 727 4934 constructione
761 4885 886 4933 eorum
921 4887 986 4933 suo
1017 4864 1099 4933 loeo
1135 4863 1306 4935 dicemus.
1359 4861 1540 4946 seribendi
1555 4873 1722 4946 discenda
1741 4887 1813 4961 est,
1839 4888 1899 4962 ut,
1924 4876 2024 4948 aliud
2038 4875 2215 4970 significat
2232 4895 2349 4946 escun·
2409 4885 2410 4888 ’

311 4955 567 5040 Observabunt
591 4977 709 5035 autem
732 4963 854 5056 pueri,
892 4987 1156 5062 nonnunquam
1176 4964 1306 5038 localia
1359 4979 1467 5064 dum,
1489 5002 1571 5049 cum
1587 4976 1688 5063 dico,
1708 4981 1903 5050 secundnm
1921 5003 2044 5052 aurem
2061 4980 2192 5052 vulnus
2208 4973 2349 5067 accepit,

319 5117 537 5132 ——---
1359 5080 1457 5152 aliud
1473 5083 1570 5175 apud
1584 5080 1797 5178 Suetonium
1815 5081 1854 5151 in
1868 5083 2030 5174 Augusto
2047 5079 2100 5181 [c.
2112 5076 2206 5179 94.]:
2233 5079 2348 5175 Ipsum

347 5207 397 5277 ss)
415 5213 444 5260 er
461 5210 582 5262 mm:
601 5213 714 5261 ursan
733 5200 859 5272 cluit]
877 5210 1077 5280 saluatus,
1094 5225 1117 5263 e
1130 5222 1173 5265 ι,
1196 5215 1225 5264 ae
1242 5219 1306 5266 ror·
1359 5207 1455 5269 esse,
1482 5185 1582 5258 cuius
1603 5184 1724 5276 imago
1749 5187 1944 5256 secundum
1968 5184 2125 5281 quictem
2139 5185 2209 5257 sibi
2227 5185 2349 5254 obver-

380 5279 818 5400 ffleffihsst‘iffissgniff
835 5280 916 5332 nodo
938 5281 1039 5334 Grssot
1063 5293 1149 5344 ssspe
1166 5281 1306 5334 sdtsottvs
1358 5298 1434 5357 sag„
1449 5287 1507 5358 gig.
1561 5285 1668 5358 Aliud
1691 5287 1729 5358 in
1755 5287 1906 5360 Claudio
1931 5282 2101 5388 [015.]:
2135 5286 2349 5360 mentibu,

345 5453 398 5512 ῃ)
414 5463 434 5503 ,
450 5450 572 5504 ΜΝ...
586 5449 800 5514 „mm
816 5450 908 5522 mg„
927 5466 951 5504 ‚¹
966 5464 1007 5504 M
1031 5464 1088 5504 m
1107 5455 1152 5504 m
1171 5465 1241 5517 ⁰1³⁰·
1259 5453 1305 5506 uto
1356 5390 1552 5501 secundum
1569 5405 1774 5510 praesentes
1788 5391 1958 5462 facillime
1974 5393 2095 5464 dabat.
2129 5389 2222 5462 Earn
2238 5387 2346 5460 varie·

381 5531 417 5574 ⁸⁸
433 5524 572 5586 repstsrs.
1357 5504 1467 5562 tatem
1486 5517 1571 5565 usus
1587 5495 1740 5567 docebit.

1462 3676 1761 3769 Praepositio
1797 3688 1851 3750 est
1875 3679 2140 3770 propemodum
2176 3674 2348 3754 articulus,

1361 3780 1473 3848 verbo
1487 3803 1624 3849 nomen
1640 3779 1857 3870 adiungens,
1883 3782 1982 3874 quod
1999 3781 2157 3875 aliquam
2180 3779 2270 3849 facti
2291 3777 2347 3846 cir·

1361 3882 1613 3953 cumstantiam
1635 3880 1830 3974 significat,
1857 3895 1918 3967 ut,
1945 3883 2029 3955 Non
2046 3888 2154 3955 datur
2175 3885 2224 3952 ad
2240 3881 2348 3952 Musas

1360 4007 1505 4056 currere
1526 3985 1597 4054 lata
1621 3986 1692 4058 via.
1750 3985 1843 4058 Nam
1863 3985 1986 4057 Musas
2005 4009 2080 4057 non
2104 3998 2253 4079 poterat
2277 3979 2349 4054 addi

1362 4088 1473 4158 verbo
1496 4111 1662 4173 currere,
1699 4087 1769 4160 nisi
1790 4089 2034 4184 praepositio,
2081 4091 2148 4176 ad,
2183 4101 2348 4186 tanquam

1361 4191 1552 4274 articulus,
1578 4191 1848 4283 adiungeretur.
