4920 5956
98 215 171 288 697
675 210 720 285 V.
771 208 838 281 DE
865 207 1004 282 LOCIS
1031 203 1359 281 COMMUNIBUS
1383 92 1547 283 Raida:
1716 291 1719 296 ,
1893 205 1921 246 *
2056 223 2133 298 698

98 409 163 478 pus
180 383 224 453 de
240 381 454 476 prodigiosis
470 383 621 454 deorum
642 381 813 467 cultibus,
840 382 946 452 aede
971 381 1088 452 diver·
1141 377 1222 450 sim.
1274 375 1482 452 Notandum
1499 377 1667 466 adhaec,
1692 383 1832 478 siquid
1853 389 1993 482 uspiam
2016 393 2060 463 de
2079 393 2135 465 iu-

100 510 217 558 aarum
236 485 395 576 gentium
414 483 563 556 diversis
588 485 812 556 ceremoniis.
864 483 929 555 Est
953 480 1089 556 adhaec
1141 480 1237 552 stitia
1254 479 1393 572 insigne
1408 483 1576 553 dixerunt
1589 495 1737 576 poetae,
1772 487 1885 560 sicubi
1910 489 2069 586 epitheto
2093 496 2136 564 il·
2200 499 2225 556 'a

101 589 308 657 accersenda
329 587 439 657 etiam
459 588 546 658 fides
563 587 603 656 in
625 586 780 670 amicos,
806 585 846 653 in
868 571 1007 669 hostes,
1033 597 1089 654 to·
1141 581 1246 652 lustri
1259 594 1497 669 notaverunt,
1519 598 1561 656 ut
1600 590 1759 658 uomodo
1773 612 1852 660 eam
1869 593 1958 664 dixit
1967 592 2135 688 Orpheus

101 689 283 783 tidemque
299 690 344 758 de
364 689 526 781 perfidia.
576 685 665 758 ltem
682 689 730 760 sit
743 688 869 758 titulus
882 687 1089 758 Benebcen·
1141 682 1366 782 ἄθραυστον
1388 681 1432 758 τὸ
1449 683 1628 770 συνειδος.
1679 679 1754 760 lam
1773 696 1970 766 sententiae
1984 697 2135 790 diligen·
2265 747 2269 754 -

101 791 149 860 tia
157 789 201 884 ⁸).
259 789 353 862 Huic
376 815 455 862 cum
481 813 563 862 suas
583 789 716 881 speeies
738 789 950 874 subieceris,
978 800 1089 861 restat
1141 798 1196 855 ter
1221 789 1487 857 coacervandae
1508 802 1612 880 suut,
1647 814 1909 890 nonnunquam
1934 798 1981 868 ad
2003 801 2135 870 descri-

102 891 297 983 gratitudo,
339 917 415 962 non
438 893 498 962 illa
525 891 670 985 quidem
691 888 776 962 huic
805 891 981 976 subiecta,
1023 914 1089 960 nee
1139 888 1311 973 bendum,
1332 892 1517 982 quomodo
1531 916 1616 963 usus
1631 893 1678 963 sit
1692 906 1797 966 autor
1810 901 2001 985 sententia,
2026 926 2133 996 equa

101 1017 240 1063 rursum
258 995 459 1078 contraria,
486 995 549 1066 sed
566 990 784 1076 adhaerens,
812 1017 902 1087 eque
919 1017 961 1063 ea
978 992 1089 1064 veluti
1140 990 1286 1083 petitur.
1336 989 1463 1086 Neque
1478 993 1574 1062 enirn
1589 996 1747 1087 proclive
1763 1012 1816 1069 est
1835 1001 1967 1086 cuivis,
1993 1016 2134 1075 senten-

103 1118 330 1188 consequens.
382 1094 567 1168 Virtutum
582 1119 624 1165 ae
645 1096 817 1168 vitiorum
836 1096 1000 1166 ordinem
1020 1094 1089 1165 sibi
1140 1093 1210 1162 tias
1242 1093 1505 1188 proverbiaque
1532 1096 1583 1167 sic
1612 1122 1804 1189 usurpare,
1841 1116 1883 1173 ut
1913 1127 2015 1175 suam
2044 1108 2134 1176 rele-

102 1197 248 1290 quisque
276 1223 342 1269 suo
368 1199 482 1290 lingat
506 1198 677 1282 arbitrio,
716 1211 779 1269 aut
801 1222 843 1269 ex
865 1193 1089 1291 philosophis
1141 1207 1226 1264 rant
1239 1194 1392 1266 faciem:
1441 1196 1568 1300 Qualis
1592 1210 1644 1269 est
1667 1199 1729 1270 illa
1744 1199 1967 1296 Theognidis
1991 1220 2131 1299 poetae.

102 1311 205 1390 petat.
269 1299 368 1369 Utile
400 1299 587 1372 consilium
623 1313 696 1384 est,
739 1301 838 1395 quod
862 1324 971 1393 supra
993 1298 1089 1382 dedi,
1140 1293 1277 1367 lustitia
1292 1297 1331 1366 in
1347 1323 1421 1370 sese
1433 1299 1603 1370 virtutem
1619 1299 1866 1395 complectitur
1883 1331 2040 1393 omnem,
2062 1333 2134 1404 qua

104 1402 313 1472 exercendos
341 1401 380 1473 in
401 1403 489 1475 locis
513 1401 763 1476 communibus
786 1426 915 1494 genere
939 1400 1089 1472 didacti-
1140 1398 1258 1472 sicuti
1276 1399 1399 1484 liceat,
1425 1413 1467 1471 ut
1479 1414 1532 1472 est
1546 1427 1631 1474 usus
1650 1403 1904 1482 inmoralibus
1920 1408 2132 1484 Aristotelis.

103 1501 198 1600 ω’),
237 1503 403 1588 iuvenes,
443 1517 484 1574 ut
507 1504 731 1596 singulorum
750 1517 917 1577 naturam
943 1505 1089 1598 vimque
1139 1499 1332 1594 Exempla,
1357 1514 1399 1573 ιιι
1413 1513 1466 1573 est
1478 1501 1621 1574 Camilli
1636 1508 1680 1575 de
1694 1506 1916 1582 Faliscorum
1934 1505 2162 1604 proditores

102 1604 240 1698 proprie
263 1604 548 1704 perspiciant¹⁰).
610 1607 815 1680 Plurimum
837 1633 880 1678 ex
902 1630 945 1678 eo
968 1606 1088 1680 studio
1139 1604 1245 1676 Bruti
1270 1607 1315 1674 de
1336 1603 1512 1699 Aquiliis,
1546 1606 1675 1680 Manlii
1698 1613 1742 1682 de
1763 1612 1858 1698 blio,
1888 1616 1988 1706 quod
2007 1627 2134 1686 contra

103 1707 217 1776 indicii
227 1705 276 1805 ¹¹)
307 1709 532 1801 comparari,
573 1712 778 1804 siquando
808 1710 848 1779 in
877 1706 1089 1780 sublimibus
1140 1707 1333 1798 imperium
1357 1720 1561 1800 pugnasset.
1626 1711 1691 1783 llis
1717 1715 1780 1807 qui
1809 1714 2019 1786 instruxerit
2045 1740 2133 1802 sese,
2199 1737 2201 1742 ’

104 1812 275 1900 agendum
302 1811 366 1900 sit,
397 1823 439 1884 ιιι
460 1812 501 1882 in
522 1807 703 1905 theologia
713 1812 782 1910 Ι“),
820 1811 907 1907 quid
930 1813 1089 1896 aflectus,
1140 1805 1289 1882 habebit
1320 1813 1419 1904 quod
1447 1810 1651 1903 suppeditet
1680 1813 1728 1886 ad
1756 1818 1898 1910 copiam
1927 1842 2067 1911 semper
2094 1818 2134 1887 in

105 1912 184 2004 qnid
206 1913 342 1998 virtus,
383 1913 471 2008 quid
494 1914 642 1996 vitium;
686 1915 726 1985 in
748 1918 828 1986 iure
851 1915 967 2001 civili,
1002 1915 1088 2009 quid
1139 1923 1334 2005 promptu,
1359 1913 1390 1982 si
1407 1913 1655 2010 qualecunque
1678 1918 1845 1988 inciderit
1870 1933 2134 2012 argumentum,

105 2013 249 2098 iustitia,
275 2015 365 2110 qnid
386 2011 690 2115 ἅκριβοδικαῖον,
725 2018 813 2112 quid
836 2014 996 2100 ἐπιεικές.
1047 2013 1089 2084 ln
1141 2014 1180 2082 in
1194 2015 1349 2109 aliquem
1364 2014 1527 2086 locorum
1546 2019 1792 2090 communium
1809 2021 1974 2114 pluresve
1990 2024 2134 2108 referat,

104 2115 253 2207 singulos
282 2131 403 2189 autem
433 2118 532 2191 locos
563 2119 746 2212 pertinent
776 2119 985 2205 fruitiones,
1029 2120 1090 2188 de·
1140 2129 1181 2188 ut
1196 2115 1321 2186 Cicero
1335 2117 1598 2208 restitutionem
1616 2119 1798 2208 Marcelli,
1832 2124 1871 2192 in
1893 2118 2134 2209 clementiani,

104 2217 327 2311 scriptiones,
350 2223 567 2306 aasentias,
593 2235 630 2292 et
644 2223 805 2316 exempla
820 2222 1002 2308 fabulosa,
1027 2233 1090 2292 seu
1141 2219 1179 2288 in
1194 2239 1265 2313 qua
1282 2219 1521 2310 praedicanda
1533 2208 1608 2292 'dici
1624 2245 1700 2292 non
1716 2227 1835 2342 poppa
1857 2241 1966 2322 quam
1991 2227 2134 2320 elegan-

103 2315 275 2395 bistoriea.
328 2323 380 2394 Ut
394 2325 425 2396 si
439 2325 573 2396 iustitia
588 2325 712 2396 titulus
734 2326 801 2410 sit,
825 2324 892 2394 erit
914 2325 990 2397 eins
1010 2323 1090 2394 lini-
1140 2333 1196 2393 ter
1218 2333 1390 2393 versetur.
1444 2321 1597 2393 Causam
1616 2323 1771 2397 Archiae
1789 2321 1877 2396 'lecit
1899 2328 2043 2399 laudem
2066 2324 2134 2399 hu-

104 2423 167 2493 lio:
190 2423 329 2499 lustitia
345 2437 410 2512 est,
437 2451 507 2522 qua
524 2428 665 2524 cuique,
687 2430 785 2524 quod
800 2453 904 2500 suum
922 2440 986 2512 est,
1009 2429 1089 2498 red·
1141 2424 1336 2496 manitatis.
1365 2419 1477 2498 llaec
1493 2427 1538 2496 de
1553 2425 1641 2499 locis
1659 2429 1910 2504 communibus
1925 2431 2023 2502 satis.
2062 2427 2134 2502 Ne-

105 2527 203 2600 ditur.
266 2529 493 2624 Descriptio,
532 2531 648 2626 qualis
671 2545 724 2602 est
745 2533 842 2624 apud
864 2528 1021 2610 Gellium
1047 2554 1090 2600 ex
1141 2552 1211 2622 que
1233 2551 1319 2600 vero
1341 2539 1446 2620 putes
1469 2554 1531 2608 eus
1554 2543 1689 2612 temere
1717 2534 1892 2625 confingi,
1932 2558 1974 2603 ex
1998 2532 2134 2604 intimis
2236 2535 2242 2548 '

106 2625 319 2725 Chrysippo,
351 2645 414 2704 aut
437 2636 535 2726 apud
549 2633 766 2718 Hesiodum,
790 2632 977 2725 Virginem
1002 2655 1089 2718 esse,
1140 2643 1292 2701 naturae
1320 2628 1463 2703 sedibus
1491 2633 1585 2702 eruti
1612 2633 1750 2704 formae
1780 2647 1864 2705 snut
1894 2655 1957 2704 seu
1989 2635 2133 2728 regulae

106 2752 272 2826 apparere
292 2737 341 2806 ad
354 2733 450 2808 lovis
468 2736 641 2810 tribunal.
692 2735 920 2809 subiicienda
942 2737 1087 2806 interim
1141 2731 1304 2804 omnium
1327 2754 1462 2804 rerum.
1509 2799 1515 2809 .

106 2849 137 2905 et
155 2834 304 2933 ration)
327 2839 596 2924 fabulosorum,
636 2863 700 2911 seu
727 2834 970 2932 mythologie,
1011 2855 1089 2907 non
1243 2835 1413 2929 Sequitur
1442 2860 1538 2906 nunc
1570 2835 1734 2908 locorum
1759 2837 1987 2934 quorundam
2014 2837 2134 2921 index,
2231 2863 2234 2870 ·

106 2937 158 3010 illa
176 2941 323 3038 quidem
341 2941 507 3035 imperite
524 2955 586 3014 aut
602 2953 735 3013 temere
758 2943 928 3028 conficta,
960 2943 1089 3014 seder
1141 2963 1285 3032 semper
1301 2963 1320 3008 a
1336 2937 1496 3011 studioso
1513 2939 1797 3032 locupletandus.
1845 2941 1963 3036 Quem
1978 2939 2064 3009 olim
2078 2939 2131 3011 M.

105 3041 225 3117 illustri
239 3043 363 3144 aliquo
385 3061 511 3119 autore
529 3045 661 3140 petita,
680 3057 722 3116 ut
742 3045 774 3118 si
788 3043 948 3118 lustitiae
963 3043 1091 3118 Hesio·
1140 3040 1270 3114 Petrus
1282 3041 1499 3127 Fladruuus,
1520 3065 1564 3112 ex
1576 3035 1994 3135 BrisgaudiaVuallrileh
2011 3041 2133 3112 oriun-

106 3148 297 3248 dianam¹⁸)
326 3151 603 3245 descriptionem
633 3174 676 3222 ex
695 3149 848 3222 Platone
874 3152 918 3221 de
941 3150 1090 3242 legibus,
1141 3147 1222 3229 dus,
1243 3146 1385 3216 aedium
1401 3144 1788 3239 SapientiaeFrihurgi
1802 3148 1982 3231 alumnus,
2002 3144 2150 3236 linguis·

109 3277 254 3327 enarres.
307 3251 467 3329 Iustitiae
488 3269 541 3328 est
564 3279 682 3328 comes
694 3252 875 3337 Nemesis,
908 3251 1091 3325 temerita·
1142 3247 1258 3318 tribus
1271 3247 1464 3339 praecipue
1480 3247 1652 3339 insignis,
1686 3261 1721 3319 et
1736 3261 1950 3342 praeceptor
1963 3269 2041 3317 non
2058 3259 2133 3316 tarn

107 3356 147 3427 tis
170 3370 203 3428 et
223 3360 452 3451 arrogantiae
474 3357 681 3430 mortalium
705 3356 856 3439 vindex,
897 3357 973 3428 eius
1003 3355 1091 3425 item
1142 3350 1388 3434 doctissimus,
1414 3373 1523 3443 quarn
1548 3349 1657 3419 etiam
1679 3351 1927 3436 fidelissimus,
1952 3347 2135 3441 discipulis

110 3459 290 3554 descriptio
317 3463 494 3534 addenda.
546 3459 649 3533 Gerit
673 3459 769 3532 enim
787 3459 889 3529 frena
914 3469 951 3528 et
974 3481 1092 3530 amus·
1144 3453 1216 3526 suis
1246 3451 1466 3543 conscripsit.
1532 3451 1606 3544 Qui
1636 3466 1864 3544 praematura
1889 3463 2026 3536 morte,
2059 3473 2135 3520 ma·

1144 3579 1254 3648 gnum
1269 3554 1395 3624 aetatis
1410 3577 1495 3625 suae
1510 3566 1545 3622 et
1559 3565 1723 3625 tenerum
1738 3556 1813 3648 ipse
1829 3555 2033 3647 ingenium,
2058 3573 2136 3621 rna-

1144 3658 1243 3729 ximo
1259 3655 1517 3748 discipulorum
1531 3679 1718 3740 moerore,
1744 3669 1785 3727 ut
1799 3657 1931 3727 maiori
1946 3657 2134 3725 literarum

138 3744 168 3810 ⁸)
185 3748 243 3798 ¹¹⁰⁰
258 3759 363 3800 ”⁰³⁰³
380 3745 410 3796 ¹¹¹
427 3757 515 3810 ΜΕ·
533 3745 678 3810 '‘lm''
696 3746 751 3802 ⁶³²·
1144 3761 1301 3844 iactura,
1341 3759 1439 3828 velut
1461 3758 1500 3826 in
1521 3751 1632 3828 herba
1657 3772 1800 3832 enectus
1820 3761 1860 3829 in
1882 3757 2040 3831 Alsatiae
2062 3755 2123 3826 Ru

140 3831 345 3966 wdqldqanquqofl
362 3831 404 3883 sio
420 3830 582 3897 Ed·1m.;
610 3829 927 3898 sarmentorum
950 3831 1001 3882 lta.
1016 3829 1092 3884 1181.
1144 3865 1255 3934 henco
1282 3861 1372 3931 obiit
1396 3861 1505 3930 Anno
1531 3858 1771 3956 MDXXVL-
1800 3861 1878 3933 xv·
1893 3860 2134 3935 calendarum

142 3983 399 4106 sumpserant]
426 3986 469 4037 ns
485 3985 537 4038 aa
551 3983 645 4052 assas
668 3983 754 4043 rato.
767 3985 862 4051 uas..
888 3985 1094 4050 1saa.psnpt-
1145 3962 1405 4039 Novembrium
1419 3961 1480 4058 ι1).

144 4138 188 4204 ιι)
205 4141 315 4202 iuneti]
333 4140 385 4192 Eu.
401 4139 476 4192 1588.
496 4139 597 4194 {uitato

143 4223 188 4290 11)
205 4226 372 4292 theologio‚]
389 4226 432 4277 sle
449 4227 499 4282 tta.
517 4227 612 4292 ittam
638 4225 723 4280 unu.
736 4224 832 4290 1181,
850 4223 927 4276 lm.
945 4226 1096 4294 theologias
1182 4193 1387 4316 mpmppp'tppo
1394 4209 1488 4317 pppbq
1499 4193 2137 4330 pppffirpponppprpprpppm-s-fflpessppilffi

145 4307 188 4374 13)
205 4313 294 4374 η110]
313 4313 343 4362 ¹¹¹
360 4312 411 4363 Μ·
431 4311 506 4364 ¹⁵⁸³·
526 4313 613 4364 ‘¹⁰⁰³‘
1118 4356 1122 4394 ,ι
1216 4335 1399 4398 Subsequitur
1421 4335 1507 4386 lodex
1538 4335 1663 4384 locorum
1693 4333 1874 4386 communion
1902 4333 1929 4384 ιι.
1951 4333 1971 4383 1.
2002 4332 2137 4398 omues,

144 4393 188 4463 ¹⁴)
205 4397 419 4458 llaslotllanen]
438 4399 520 4450 unet.
534 4397 627 4467 11111,
648 4395 743 4466 toth,
761 4395 838 4450 1111.
857 4397 1021 4449 Hesiodlaui
1118 4413 1123 4442 ι
1217 4401 1316 4466 qulppe
1334 4401 1381 4468 qni
1397 4415 1454 4454 nou
1470 4402 1673 4468 Μοιιιιιιοιιιι,
1699 4403 1748 4452 seu
1765 4400 1900 4455 ntrnuut
1917 4403 1970 4454 ast.

115 3633 312 3651 ——unn

1148 4123 1355 4136 *—

926 4777 1300 4796 ...mu-
