4920 5956
318 203 396 284 ιιι
477 179 500 302 f
846 149 970 285 anu..
995 209 1109 286 ιιι.
1136 207 1498 288 ιιιιιιιιιιι
1522 203 1843 293 mannasca·
2282 217 2361 292 ιιι

247 450 261 486 ·
316 381 413 466 lere,
445 393 482 452 et
501 403 577 454 nun
595 381 795 456 necessaria
817 395 923 470 sunt,
954 395 1077 456 tamen
1105 383 1309 458 dialecticas
1363 383 1712 462 niriullasenteutia
1725 389 1840 462 solida
1855 389 2072 511 elllcaeique¹
2073 388 2362 484 rationepotest,

317 485 454 557 formas
476 481 653 570 induunt,
679 509 789 580 quom
814 485 1122 580 autsyllogismis,
1148 500 1211 558 aut
1227 511 1311 582 epa·
1361 487 1432 560 nisi
1449 504 1613 562 accurate
1628 503 1812 586 perspecta
1829 504 1958 564 natura
1977 492 2136 585 partium
2149 489 2332 566 abnuatis.

318 585 439 680 gosis,
473 599 536 658 aut
557 581 834 682 enthymematis
854 588 1084 675 vinciuntur,
1105 603 1148 662 ut
1161 589 1191 662 si
1205 613 1364 710 argu·
1464 591 1557 666 Sunt
1577 606 1696 666 autem
1719 596 1789 666 loci
1813 607 2130 691 argumentorum,
2156 619 2250 692 quae
2267 621 2286 667 a
2302 619 2362 668 re-

287 688 507 760 ‚menterisz
541 687 696 760 'l'raiani
716 690 955 764 adolescentia
974 693 1115 765 abonis
1133 692 1312 786 magistris
1362 691 1429 764 bus
1457 708 1649 790 petuntur,
1688 694 1844 785 Finitis,
1878 697 2021 782 Genus,
2054 697 2216 792 Species,
2249 697 2361 770 Com·

317 791 474 862 formata
500 803 570 876 est,
603 804 657 865 est
680 792 791 886 igitur
815 791 1028 882 verisimile,
1057 798 1194 867 bonum
1210 793 1310 890 prin·
1363 797 1761 888 mune‚1'artieulare,
1788 752 2014 885 Dlherentia,
2043 799 2195 886 Totum,
2217 797 2363 888 Partes,

316 891 434 990 eipem
454 891 657 966 Traianum
679 896 770 1002 lore.
1362 895 1538 1068 ganuae,
1575 899 1735 990 Eventu,
1771 901 1994 998 Pugnantia,
2034 902 2193 988 Similia,
2225 903 2360 989 ldaius,

1404 1023 1496 1076 mus.

506 1015 633 1163 Quae
658 1089 680 1143 a
707 1068 841 1142 rebus
866 1071 1110 1144 ducantur.

421 1199 492 1274 Vix
512 1207 660 1275 tandem
682 1203 915 1298 pervenimus
938 1205 1069 1279 ad'eos
1088 1205 1206 1292 locos,
1230 1207 1311 1303 qui-
1766 1173 1958 1250 mim·

315 1303 394 1392 bus⁸
408 1303 634 1378 dialecticum
657 1303 779 1378 thema
801 1307 949 1402 proprie
970 1309 1107 1379 muniri
1121 1309 1231 1396 solet,
1257 1321 1311 1380 at·
1464 1304 1718 1380 Effieaeissima
1734 1323 1770 1380 et
1785 1310 1979 1408 pertissima
1996 1307 2176 1404 probandi
2189 1308 2285 1381 ratio
2302 1323 2359 1382 est

318 1431 389 1503 que
413 1409 504 1478 adeo
530 1431 550 1480 ι
573 1409 703 1504 quihus
724 1411 957 1508 probationes
973 1413 1212 1498 necessariae,
1237 1411 1312 1483 evi·
1362 1431 1427 1502 per
1456 1409 1677 1498 linitionem,
1713 1430 1826 1509 quare
1858 1425 1893 1484 at
1916 1415 1962 1484 ad
1985 1412 2171 1484 dialectica
2195 1408 2358 1484 themata

317 1510 513 1606 dentesque
536 1524 721 1604 petuntur.
762 1513 828 1585 liis
846 1513 886 1584 in
907 1509 1004 1586 hune
1027 1517 1176 1586 modum
1197 1527 1310 1586 utere.
1363 1513 1511 1604 proprie
1536 1511 1710 1606 adplicari
1733 1517 1849 1588 debet.
1900 1513 2001 1586 Voce
2025 1527 2146 1587 autem
2170 1515 2358 1586 dialectica

316 1608 603 1700 Οιιιιιιίιιιιιιι,
636 1627 701 1686 aut
720 1614 873 1709 simplex
893 1641 965 1710 vox
988 1629 1060 1703 est,
1094 1630 1157 1706 aqt
1180 1618 1310 1690 oratio.
1362 1609 1542 1699 ιιιιιιιιιι,
1575 1616 1704 1710 quibus
1734 1629 1901 1689 naturam
1929 1641 2051 1689 rernm
2073 1617 2360 1711 propositarum,

315 1715 476 1809 Simplex
499 1741 570 1788 vox
593 1740 670 1789 non
689 1720 886 1811 probatur,
909 1743 976 1790 nec
993 1719 1189 1805 refellitur,
1210 1743 1311 1792 nem·
1363 1739 1524 1804 caussas,
1557 1731 1620 1790 aut
1647 1719 1762 1790 officis
1788 1720 2026 1816 inquirimus,
2058 1731 2185 1791 exacto
2204 1733 2241 1790 et
2259 1721 2360 1791 iusto

315 1843 384 1913 pe,
410 1821 450 1888 in
469 1843 542 1916 qua
565 1844 684 1916 neque
704 1845 851 1908 verum,
876 1845 994 1918 neque
1013 1823 1142 1894 salsum
1158 1823 1224 1906 sit,
1249 1825 1310 1894 scd
1364 1819 1503 1905 urdine,
1528 1821 1637 1916 idque
1653 1823 1885 1915 argumentis,
1911 1824 2031 1918 quoad
2047 1823 2127 1892 lieri
2139 1834 2270 1916 potest,
2293 1847 2361 1893 ne·

317 1921 521 2016 exponitur.
572 1919 649 1993 Iam
672 1948 745 2018 quo
771 1925 920 2012 ordine,
947 1925 1076 2017 quibus
1097 1923 1186 1996 locis
1203 1949 1311 2020 expo·
1363 1922 1523 1994 eessmiis
1547 1935 1582 1993 et
1600 1925 1837 1998 evidentibus.
1889 1925 1967 1996 Hoc
1988 1945 2119 2018 genus,
2145 1924 2208 1994 alii
2230 1925 2360 2018 apodi-

316 2037 444 2111 natur,
468 2047 598 2118 supra,
624 2027 664 2096 in
681 2026 823 2098 ratione
840 2025 1055 2122 simplicium
1071 2052 1203 2098 vocum
1217 2027 1310 2098 libro
1362 2047 1442 2110 xes,
1474 2024 1535 2094 alii
1558 2021 1884 2102 demonstrationes
1905 2039 2092 2100 vocarunt.
2150 2025 2268 2122 Quale
2290 2037 2357 2110 est,

316 2127 437 2222 primo
461 2128 691 2201 absolvimus.
743 2129 908 2202 Primum
937 2129 1033 2201 enim
1055 2129 1226 2224 simplicis
1248 2155 1312 2201 vo·
1362 2127 1579 2213 cidisserat,
1603 2131 1855 2203 liberalitatem
1875 2153 1950 2203 esse
1970 2129 2167 2214 iustitiam,
2195 2129 2259 2200 obi
2277 2150 2357 2198 non

318 2231 368 2304 cis
392 2227 508 2302 finitio
529 2233 739 2325 quaerenda
755 2245 828 2318 est,
853 2233 983 2304 deinde
999 2257 1144 2306 caussae
1158 2233 1210 2304 rei
1227 2257 1312 2325 pro·
1362 2231 1544 2316 laudatur,
1569 2255 1647 2302 non
1661 2237 1832 2305 suadetur
1847 2232 2043 2306 liberalitas
2065 2230 2169 2327 (nam
2183 2228 2255 2303 boc
2270 2255 2358 2325 pro·

317 2337 456 2455 positae
485 2333 781 2428 pervestigandae
811 2349 912 2417 sums
947 2335 1137 2428 partienda
1162 2333 1311 2428 posthac
1363 2334 1442 2426 prie
1463 2330 1650 2406 rhetorum
1672 2336 1761 2434 est),
1794 2339 1856 2410 sed
1878 2337 1954 2408 eius
1976 2347 2105 2408 natura
2119 2335 2359 2432 perquiritur.

317 2439 359 2508 in
388 2435 542 2528 speeies,
579 2450 643 2510 aut
668 2440 843 2510 membra.
904 2437 1033 2509 Oratio
1055 2461 1144 2510 vero
1163 2439 1311 2558 proprie
1362 2433 1437 2506 lam
1462 2448 1553 2531 quot
1567 2437 1715 2510 finiendi
1734 2459 1866 2533 genera
1887 2460 1996 2532 supra
2017 2437 2195 2523 indicavi,
2220 2450 2276 2508 tot
2298 2459 2359 2506 ar-

319 2551 382 2612 ant
396 2540 592 2662 probatur,
614 2541 929 2634 autimprobatur.
977 2541 1103 2616 Nam'
1090 2565 1131 2610 m
1147 2541 1311 2614 oratione
1363 2540 1596 2632 gumentandt
1610 2542 1680 2610 loci
1694 2541 1858 2614 linitione
1874 2537 2241 2635 comprehenduntur.

318 2641 468 2736 proprie
494 2665 622 2714 verum
654 2655 718 2713 ant
736 2645 865 2716 laisum
888 2643 993 2717 inest.
1051 2642 1202 2737 Eritque
1223 2639 1311 2716 baec
1464 2643 1522 2713 Ab
1515 2645 1776 2742 etymologia,
1799 2657 1859 2730 ut,
1881 2645 2017 2720 Civitas
2032 2655 2100 2728 ιιι,
2126 2641 2359 2736 ergopopuli

318 2743 500 2840 probandi
521 2741 725 2818 methodus.
780 2743 822 2816 ln
843 2747 945 2817 omni
967 2747 1204 2840 pronuntiato
1227 2748 1312 2820 sim·
1364 2767 1556 2816 cousensus
1576 2757 1639 2816 est.

318 2848 404 2942 phcr
416 2850 509 2919 duae
524 2860 609 2922 sunt
620 2861 755 2942 partes
775 2849 981 2921 Subiectum
997 2861 1033 2920 et
1046 2848 1312 2935 Praedicatum,
1464 2845 1695 2935 Afinitione,
1721 2871 1815 2944 quae
1829 2817 2018 2922 essehtiam
2034 2869 2088 2918 rer
2076 2847 2278 2939 explicat,
2303 2858 2359 2931 ut,

318 2963 381 3037 ut,
407 2950 574 3042 voluptas
598 2962 652 3022 est
670 2951 819 3031 bonum.
870 2950 979 3038 lude,
1004 2952 1050 3021 ab
1063 2963 1215 3044 utraque
1230 2973 1312 3044 par·
1362 2947 1487 3021 Bonus
1502 2949 1654 3022 affectus
1664 2963 1736 3035 ιιι,
1761 2952 1871 3044 igitur
1886 2961 1922 3021 et
1936 2951 2051 3022 virtus
2068 2963 2132 3024 est.

320 3066 369 3137 te,
396 3075 478 3124 cum
494 3075 513 3122 a
530 3053 702 3139 subiecto,
727 3067 804 3124 tum
819 3077 839 3123 ι
853 3055 1074 3147 praedicato,
1100 3066 1311 3146 argumenta
1465 3053 1499 3120 A
1512 3051 1676 3122 linitione
1691 3075 1833 3126 caussas
1844 3065 2015 3138 notante,
2039 3066 2100 3137 ut,
2124 3051 2282 3124 Exortus
2299 3075 2361 3122 so-

319 3150 523 3227 trahentur.
561 3155 734 3240 Proinde,
758 3156 789 3230 si
805 3159 902 3249 quod
917 3153 1038 3228 thema
1054 3154 1313 3242 disserendum,
1362 3153 1407 3225 lis
1422 3167 1487 3240 est,
1508 3155 1583 3226 dies
1599 3153 1710 3246 igitur
1724 3169 1788 3229 est.
1925 3188 1934 3202 ·

320 3260 573 3352 probandum,
605 3261 920 3352 reprobaadnmve
941 3259 1168 3352 propositum
1192 3261 1312 3346 luerit,
1464 3260 1498 3327 Α
1511 3255 1675 3328 linitione
1691 3283 1734 3328 cx
1751 3258 1993 3330 accidentibus
2018 3257 2184 3328 collecta:
2219 3257 2361 3327 Fabro-

320 3361 504 3433 dissolve
493 3383 532 3430 ιιι
547 3373 689 3455 partes,
716 3383 912 3484 earumque
932 3363 1134 3446 finitiones,
1159 3383 1312 3447 caussas,
1363 3381 1450 3428 rum
1462 3359 1568 3451 longe
1585 3361 1751 3454 princeps
1766 3374 1837 3446 est,
1861 3381 1950 3469 ergo
1965 3359 2146 3432 Daedalus
2164 3371 2228 3430 est.

321 3465 474 3557 species,
500 3486 542 3533 ac
560 3466 722 3535 membra
737 3465 916 3558 perquire.
955 3463 1062 3538 Nam
1078 3489 1121 3535 ex
1136 3461 1192 3536 his
1208 3487 1313 3584 argu·
1466 3458 1742 3534 Observandum
1757 3464 1862 3536 estin
1878 3459 2113 3547 finitionibus,
2134 3462 2234 3558 qnod
2248 3472 2284 3532 ιι
2296 3485 2364 3532 su

320 3579 443 3636 menta
464 3566 628 3660 colliges,
653 3581 694 3638 ιιι
711 3593 741 3639 ss
731 3567 932 3652 finrtronr
956 3567 1108 3650 caussis,
1135 3591 1176 3637 ae
1200 3567 1313 3660 parti-
1363 3584 1430 3654 pra
1455 3565 1682 3651 monuimus,
1713 3579 1755 3636 ut
1776 3567 1948 3660 propriae
1972 3566 2063 3649 sint,
2097 3564 2235 3657 pariter
2259 3563 2363 3634 enim

319 3671 388 3742 bus
413 3670 608 3762 voluptatis
631 3693 711 3741 cum
727 3671 825 3742 bono
840 3671 1028 3755 convenit,
1054 3671 1161 3762 plane
1174 3672 1311 3741 bonum
1364 3663 1569 3740 finitionum
1591 3669 1690 3742 locus
1713 3691 1733 3738 a
1756 3670 1859 3740 finito
1879 3672 1925 3739 ad
1941 3668 2164 3751 linitionem,
2191 3679 2226 3737 et
2241 3689 2261 3736 ι
2275 3666 2365 3734 smi-

321 3795 397 3844 esso
431 3771 575 3862 colliges
607 3773 841 3865 voluptatem.
899 3771 942 3844 In
976 3775 1129 3844 eundem
1163 3773 1312 3845 modum
1364 3769 1464 3840 tione
1477 3773 1524 3840 ad
1539 3771 1681 3842 finitum
1695 3771 1778 3842 duci
1793 3773 1902 3856 solet,
1928 3773 2026 3867 quod
2042 3769 2121 3840 lieri
2136 3768 2282 3864 nequit,
2301 3767 2367 3836 ni-

292 3875 294 3885 '
321 3885 406 3946 sant
420 3886 457 3944 et
467 3885 588 3966 partes
600 3870 800 3947 thematum
824 3875 864 3944 in
884 3899 1014 3968 genere
1029 3877 1313 3947 demonstrativo
1364 3871 1396 3942 si
1417 3872 1599 3944 finitiones
1620 3873 1792 3966 propriae
1814 3875 1897 3947 sint.
1948 3873 2024 3945 lam
2048 3884 2084 3943 et
2100 3872 2139 3940 in
2155 3871 2365 3943 iudicandis

322 3989 386 4047 aut
412 3977 646 4047 deliberativo
666 3977 981 4070 pervestigandae,
1012 3991 1075 4063 ut,
1100 4004 1130 4049 ιι
1118 3972 1313 4050 dehortc-
1364 3973 1586 4047 finitionibus
1605 3973 1801 4078 plurimum
1821 3977 1916 4047 valet
1936 3974 2140 4099 argumenti
2156 3973 2365 4044 conversio.

321 4079 412 4151 risa
436 4078 531 4150 bello
551 4077 681 4151 Turris
701 4080 910 4165 inferendo,
942 4082 1101 4174 primum
1124 4079 1210 4151 belli
1231 4101 1312 4174 per·
1363 4073 1485 4150 Nam
1475 4092 1525 4148 ιιι
1538 4077 1642 4148 lacile
1656 4079 1852 4198 spectabis,
1878 4080 2026 4172 propria
2042 4076 2203 4147 delinitio
2216 4076 2282 4160 sit,
2309 4099 2366 4145 an

321 4182 480 4254 censebis
495 4181 725 4253 incommoda
742 4183 957 4276 generatim3
984 4183 1125 4268 deinde,
1142 4207 1205 4278 qur
1194 4174 1313 4254 Τιιι-
1364 4199 1459 4264 nnn,
1483 4193 1525 4253 ut
1540 4182 1689 4274 propria
1707 4194 1760 4254 est
1780 4178 1883 4252 hacc:
1918 4179 2099 4252 Virtutem
2123 4203 2199 4252 esse
2218 4179 2364 4249 bonum

321 4307 404 4367 cae,
435 4296 471 4354 et
497 4297 541 4355 ut
566 4286 697 4356 armati
724 4287 814 4371 sint,
848 4287 1033 4382 quomodo
1057 4310 1124 4356 nos
1149 4288 1330 4358 instructi
1364 4283 1550 4370 affectem,
1577 4284 1661 4379 quia
1685 4297 1841 4382 utroque
1857 4286 1966 4354 modo
1981 4282 2075 4354 valet
2092 4293 2366 4374 argumentum,

320 4385 446 4459 simus.
506 4385 555 4458 Et
582 4410 664 4458 cum
690 4382 885 4460 Christiani
912 4413 1056 4472 sumus,
1089 4413 1164 4460 non
1187 4391 1312 4460 decere
1363 4381 1489 4458 virtus
1499 4400 1570 4470 est,
1594 4407 1680 4479 ergo
1690 4389 1813 4460 bonus
1828 4388 1974 4458 affectus
1988 4399 2059 4466 ιιις
2086 4398 2122 4455 ιι
2138 4385 2255 4456 bonus
2271 4383 2368 4454 affe·
2456 4465 2457 4490 ,

319 4511 388 4560 nos
410 4510 531 4574 arma,
563 4489 693 4584 quibus
714 4491 849 4563 dictum
873 4504 945 4576 est,
979 4491 1099 4584 gladio
1118 4493 1311 4584 perituros,
1363 4500 1443 4561 ctus
1460 4503 1532 4574 est,
1566 4513 1651 4583 erqo
1678 4491 1791 4562 virtus
1812 4504 1874 4563 est.
1926 4487 2129 4582 impropria
2152 4499 2207 4558 est
2228 4485 2366 4571 insitio,

320 4591 385 4687 qui
406 4591 527 4684 gladio
551 4591 757 4663 dimicaturi
776 4593 861 4665 sint.
917 4593 958 4663 ln
982 4595 1148 4666 laudibus
1169 4596 1312 4687 praedi·
1334 4591 1486 4692 lvinum
1507 4615 1602 4677 esse,
1627 4595 1725 4712 quod
1742 4594 1941 4666 inflammet
1954 4592 2179 4685 sanguinem.
2229 4587 2367 4707 Neque

320 4707 423 4766 catur
438 4695 586 4779 lactum,
612 4707 665 4780 ut,
687 4695 794 4766 Mutii
809 4697 1013 4780 Scaevolae,
1034 4688 1309 4794 quodpriiatim
1363 4695 1458 4765 enim
1482 4696 1645 4766 converti
1669 4707 1806 4790 potest,
1837 4691 1908 4768 boc
1928 4697 2054 4766 modo:
2087 4691 2155 4766 Est
2179 4691 2317 4787 quod
2301 4715 2367 4760 rn-

320 4797 409 4889 ipsi,
434 4798 954 4870 deindeetuniversonomlni
970 4800 1160 4884 Romano,
1187 4813 1225 4869 et
1241 4795 1311 4870 ho-
1361 4797 1524 4868 llammat
1537 4821 1769 4890 sangumem
1792 4796 1902 4890 rgrtur
1915 4821 2038 4868 vrnum
2055 4809 2120 4868 est.
2152 4793 2246 4867 Sunt
2258 4816 2363 4864 cmm

319 4911 483 4986 nestum,
516 4914 553 4972 et
573 4900 676 4978 utile·
671 4901 738 4973 ait.
779 4901 963 4988 Breviter,
990 4905 1168 4995 expendat
1189 4903 1310 4998 dispu-
1362 4913 1397 4970 et
1424 4901 1598 4996 pleraque
1631 4899 1724 5019 alia,
1768 4902 1899 4996 quibus
1929 4899 2169 5034 animantium
2201 4918 2362 4988 corpora

319 5013 461 5074 ιιιιπιι
486 5017 631 5096 partes
627 4999 823 5090 thematis,
867 5026 947 5076 cum
980 5005 1018 5076 in
1049 5007 1151 5076 omni
1180 5027 1316 5097 genere
1361 4998 1681 5078 accenduntur.··
1860 5017 1864 5041 ¹

321 5103 517 5190 orationis,-
542 5120 618 5178 tum
638 5107 802 5186 maxime
798 5108 998 5201 tnargatts
1019 5121 1055 5178 ιι
1079 5107 1225 5180 tutetur
1240 5103 1310 5179 dis·

318 5205 579 5300 putationibus.
628 5210 748 5306 Atque
768 5206 828 5281 bic
855 5212 975 5296 vides,
1010 5213 1073 5305 qni
1101 5212 1148 5286 sit
1175 5211 1311 5303 simpli-

319 5309 415 5383 cium
438 5335 547 5400 usus,
571 5324 606 5380 et
626 5315 753 5409 quanti
775 5315 938 5396 celerat'
927 5339 965 5388 m
986 5329 1167 5434 promptu.
1178 5309 1310 5412 babere
1464 5309 1507 5385 ln
1540 5309 1627 5382 locis
1657 5335 1733 5385 non
1767 5309 1963 5392 astallus,
2006 5333 2081 5403 quo
2117 5301 2366 5390 commodius,

318 5410 534 5506 simplicium
557 5435 687 5485 vocum
710 5411 911 5490 methodos.
962 5415 1089 5512 Neque
1109 5417 1213 5488 serim
1229 5441 1311 5487 mu·
1362 5407 1471 5513 quam
1489 5415 1569 5485 loco
1582 5411 1787 5486 finitionum
1805 5412 1860 5484 uti
1875 5433 2003 5508 qoeass
2054 5407 2202 5484 Nam·
2171 5433 2205 5482 ιι
2222 5419 2364 5479 natura

1581 5172 1697 5246 Usus
1720 5170 1818 5243 -to'ei
1853 5171 2135 5242 finitionum.
