4920 5956
106 197 178 270 aaa
422 187 426 194 ·
722 188 1085 276 anulrauanra
1109 189 1177 264 au
1202 188 1346 268 vora.
1371 185 1500 261 1-x
1931 181 1932 186 ‘
2054 195 2135 278 a„
2206 211 2213 226 ·

106 365 331 452 calendario,
364 365 463 460 quod
487 365 536 436 ad
556 388 623 436 nos
645 363 830 456 pervenit,
863 361 965 436 statis
991 363 1089 434 festis
1113 417 1120 460 ,
1245 361 1396 453 Quoties
1419 361 1570 452 legimus
1593 359 1711 434 aDeo
1733 379 1799 454 per
1814 361 1956 440 Moiseu
1972 366 2134 458 praecipi

105 467 224 562 populi
238 465 418 551 Romani,
448 467 558 538 etiam
573 462 744 538 historias
756 467 930 560 quasdam
953 489 1091 536 memo-
1140 461 1316 548 ludaeis,
1334 477 1376 535 ut
1404 463 1587 534 mirandas
1616 463 1727 556 ipsius
1749 465 1980 538 liberationes
2006 471 2132 544 crebra

104 571 228 642 rabiles
252 591 417 662 asperam
441 592 537 652 esse,
572 593 662 662 quas
684 569 878 642 voluerunt
898 565 1092 638 Pontifices
1141 565 1354 657 repetitione
1374 565 1457 641 filiis
1475 567 1550 638 suis
1572 566 1767 636 inculcent!
1817 567 1865 640 Et
1881 569 2026 662 quidem
2045 571 2138 648 dicit·

105 694 221 744 aunua
242 670 457 764 repetitione
478 673 525 740 ad
548 693 693 742 omnem
710 667 955 760 posteritatem
974 683 1092 740 trans-
1142 680 1258 740 textus
1280 667 1516 756 nominatim,
1548 667 1630 738 ideo
1657 670 1745 740 fasta
1768 668 1929 742 instituta
1955 695 2049 754 csse,
2072 685 2135 758 ,ut

105 774 204 849 mitti.
1141 771 1172 841 si
1190 770 1412 862 interrogent
1427 770 1575 862 posteri,
1600 771 1687 864 quid
1703 770 1772 842 sibi
1786 772 1876 844 ritus
1891 773 1942 842 illi
1958 774 2138 848 festorum.

198 873 304 946 Hunc
332 871 563 947 utilissimum
591 897 729 945 morem
758 873 1090 968 antiquissimorum
1142 873 1275 956 velint,
1298 874 1439 948 edoceri
1455 871 1594 964 possint
1607 873 1754 964 deipsis
1767 875 1945 947 beneficiis
1962 874 2032 946 Dei
2047 872 2134 952 huic

103 974 473 1072 petrammalam,
508 999 601 1070 quae
632 999 698 1068 per
719 977 915 1066 Apostolos
942 977 1090 1054 collecta
1142 975 1278 1073 populo
1301 974 1492 1066 praestitis.
1544 973 1628 1068 Quo
1643 989 1834 1068 praecepto
1849 974 1948 1051 Deus
1964 991 2137 1070 etpoctes

102 1079 184 1166 luit,
215 1078 374 1160 imitata,
407 1073 635 1151 hauddubie
659 1077 801 1151 monitu
817 1077 1091 1170 Apostolorum,
1141 1100 1203 1148 ros
1222 1077 1323 1147 iubet
1345 1101 1518 1172 quaerere
1540 1079 1585 1146 de
1613 1077 1874 1169 significatione
1900 1079 2134 1164 rituum,‚-aa

104 1180 299 1275 quotannis.
314 1178 420 1250 certic
438 1179 567 1254 dicbus
592 1180 748 1253 celebrat
770 1179 982 1254 memoriam
1006 1204 1091 1253 con·
1142 1201 1245 1248 causa
1281 1179 1434 1248 instituti
1466 1179 1566 1263 festi,
1600 1191 1637 1248 et
1662 1192 1830 1272 parentes
1862 1182 1976 1272 cogit,
2010 1196 2069 1264 nt,
2102 1181 2136 1252 si

103 1284 212 1374 cepti,
244 1281 342 1364 nati,
371 1281 550 1366 crucifixi,
582 1282 802 1364 resuscitati,
838 1294 873 1354 et
895 1284 1029 1374 recepti
1051 1283 1091 1360 irs
1143 1280 1291 1350 omnino
1320 1279 1399 1376 ipsi.
1418 1280 1528 1350 velint
1557 1306 1631 1353 esse
1655 1295 1727 1352 tam
1749 1282 1917 1352 scelerate
1941 1281 2074 1376 ingrati
2092 1295 2134 1357 et

104 1385 237 1452 coelum
264 1382 415 1452 Domini
444 1384 559 1454 nostri
582 1382 663 1455 lesu
686 1379 837 1468 Christi,
871 1397 907 1456 et
932 1385 1089 1462 aliorum
1143 1381 1327 1467 obliviosi,
1354 1396 1394 1454 ut
1415 1408 1480 1476 per
1504 1409 1541 1454 sc
1562 1408 1638 1453 non
1659 1397 1824 1475 repetant
1848 1386 1918 1455 illis
1934 1385 2020 1477 ipsis
2034 1386 2132 1456 festis
2254 1473 2260 1486 ι

103 1487 328 1578 quorundam
350 1485 550 1568 lectorum,
575 1499 801 1578 sumptorum
827 1510 872 1559 ex
893 1489 1017 1559 eadem
1036 1483 1091 1556 hi·
1143 1485 1269 1557 dicbus
1300 1487 1583 1577 magnitudinem
1622 1485 1828 1556 divinorum
1863 1489 2132 1571 beneficiorum,

103 1588 223 1670 storia,
250 1609 405 1688 quorum
421 1600 631 1679 perpetuam
649 1588 688 1658 in
703 1584 860 1660 Ecclesia
876 1589 1088 1663 memoriam
1140 1588 1266 1658 saltem
1288 1587 1444 1658 liliorum
1469 1611 1617 1658 suornm
1640 1589 1905 1679 percontationi
1932 1589 2131 1661 necemario

102 1701 238 1774 estare,
261 1685 338 1758 hou
364 1691 511 1780 prodest
534 1691 677 1775 sotum,
699 1692 761 1760 sed
784 1691 1091 1764 etiam.estueces·
1141 1691 1414 1773 satisfacientes,
1445 1690 1553 1760 simul
1574 1690 1644 1782 ipsi
1667 1712 1811 1785 quoque
1836 1695 2137 1784 conrndem·0pe·'

101 1791 253 1874 sarium,
279 1792 390 1884 litque
407 1791 611 1886 aliquorum
633 1793 757 1864 talium
778 1793 953 1866 factorum
971 1817 1091 1864 recor-
1114 1839 1119 1936 Ι
1141 1815 1222 1863 rum
1238 1791 1306 1860 Dei
1324 1793 1567 1862 recordentur.
2086 1829 2089 1836 ·

101 1893 196 1962 datio
220 1893 293 1963 illis
316 1891 402 1984 ipsis
426 1893 555 1980 dicbus,
573 1893 771 1976 mensium,
797 1895 927 1988 quibus
944 1895 1031 1968 olim
1049 1919 1090 1974 ea
1115 1939 1119 1950 ·
1244 1893 1322 1964 Hoc
1345 1907 1573 1988 praeceptum
1597 1894 1703 1962 etiam
1723 1895 1769 1962 ad
1786 1917 1852 1964 nos
1864 1897 2044 1987 pertinere
2060 1895 2133 1965 exi-

102 1996 259 2066 cvcuissc
280 1995 488 2082 creduntur.
539 1995 642 2088 Quae
669 1999 889 2074 conuictudu
911 1995 1090 2074 Ecclesiae
1141 1997 1338 2078 stimemns,
1364 1997 1425 2090 qui
1444 1997 1481 2065 in
1496 1995 1651 2068 Ecclesia
1669 1993 1802 2067 Christi
1817 1995 1984 2082 vivimus,
2009 2011 2043 2066 ct
2057 2021 2133 2068 non

101 2097 163 2168 etsi
186 2095 231 2168 ab
253 2095 439 2192 aliquibus
457 2097 627 2188 profanis
639 2094 846 2174 homiuibus
866 2111 907 2178 ut
922 2099 1091 2192 supersti·
1141 2098 1286 2169 illorum
1302 2109 1442 2168 tantum
1458 2099 1734 2182 beneficiorum,
1760 2123 1853 2193 quae
1868 2101 2003 2194 populo
2019 2095 2133 2172 lsrae-

101 2197 188 2270 tiosa
212 2213 248 2282 et
271 2199 409 2270 inutilis
432 2199 613 2272 interdum
641 2201 882 2280 contemnitur
911 2199 969 2294 (ut
990 2203 1091 2272 iuve-
1140 2201 1239 2269 litico
1255 2198 1353 2270 Deus
1368 2202 1598 2292 peculiariter
1609 2201 1807 2293 praestitit,
1834 2201 1911 2272 iure
1926 2199 2132 2294 adoptionis

99 2299 250 2374 niuulur
271 2324 535 2397 nonuunquam
551 2301 684 2396 aliqui,
710 2304 841 2395 quibus
856 2324 982 2376 omnes
998 2303 1090 2374 anti-
1141 2302 1333 2395 participes
1360 2303 1445 2372 facti
1474 2327 1618 2387 sumus,
1661 2305 1721 2374 sed
1753 2303 1859 2372 ctiam
1890 2329 1932 2375 ex
1956 2308 2131 2374 immensa

99 2403 247 2498 quitatis
268 2402 359 2475 ritus
381 2403 670 2501 improbantur),
695 2417 815 2476 tamen
835 2405 951 2476 animi
961 2406 1090 2480 liberae
1115 2427 1119 2496 1
1141 2403 1211 2474 Dei
1235 2403 1500 2488 misericordia,
1541 2429 1620 2474 curn
1645 2405 1752 2475 alieni
1775 2429 1930 2478 essemus
1953 2431 1973 2476 a
1995 2407 2131 2499 populo

99 2505 147 2576 les
163 2530 183 2572 a
199 2503 330 2597 primis
345 2506 451 2579 anuis
465 2507 644 2579 assuefieri
659 2507 811 2591 debent,
835 2519 876 2578 ut
898 2507 1091 2601 antiquita·
1114 2501 1119 2661 Ι
1141 2508 1271 2602 ipsius,
1304 2506 1373 2574 alia
1397 2531 1542 2600 quoque
1563 2507 1701 2578 infinita
1719 2505 1787 2576 Dei
1809 2512 1903 2578 dona
1926 2511 1964 2578 iu
1986 2505 2133 2580 Christo

100 2607 143 2678 tis
162 2606 223 2700 pia
245 2605 414 2690 incerta,
446 2632 539 2702 quae
561 2633 641 2681 cum
664 2609 781 2681 verbo.
792 2607 860 2681 Dei
877 2622 1092 2700 congruunt,
1143 2609 1352 2702 consequuti
1366 2633 1501 2693 sumus,
1527 2633 1681 2704 qnorum
1700 2612 1911 2681 memoriam
1925 2633 2133 2704 nospcrpe·

100 2720 133 2778 et
153 2708 326 2803 exemplis
342 2709 673 2804 antiquissimorum
692 2725 835 2804 patrum
852 2713 1091 2806 comprobau·
1114 2666 1118 2756 Ι
1141 2724 1202 2783 tua
1220 2709 1437 2800 gratitudine
1456 2711 1635 2782 celebrare
1652 2713 1765 2782 multo
1782 2713 1907 2785 iustius
1925 2726 1997 2798 est,
2022 2735 2131 2806 quam

100 2824 177 2897 tur,
212 2834 338 2893 amare
374 2813 533 2897 discam,
570 2825 605 2883 ct
630 2836 706 2886 nou
731 2826 865 2887 temere
890 2815 1090 2888 convellere
1142 2810 1291 2884 ludaeos
1313 2813 1563 2883 liberationem
1587 2815 1626 2884 in
1644 2814 1803 2900 diluvio,
1829 2829 1892 2886 aut
1906 2815 2131 2885 eductionem

99 2917 268 2994 audeaut.
1143 2939 1186 2987 er
1211 2918 1394 3008 Aegypto,
1434 2927 1498 2986 aut
1530 2917 1805 3008 patefactionem
1838 2918 1926 3010 legis
1952 2919 2133 2987 celebrare

200 3013 294 3089 Cum
317 3015 428 3108 igitur
451 3029 589 3090 constet
612 3041 654 3088 er
677 3013 733 3090 his
747 3018 917 3110 exemplis
932 3041 1092 3090 summu-
1143 3017 1337 3113 quotannis
1359 3020 1562 3110 oportebat.

97 3141 177 3191 rum
192 3113 511 3203 Patriarcharum,
540 3119 742 3192 narrationi
766 3144 888 3190 rerum
909 3122 1090 3212 gestarum
1245 3118 1323 3190 Hoc
1337 3133 1456 3189 antem
1473 3132 1513 3191 ut
1526 3121 1645 3212 aptius
1658 3121 1735 3192 lieri
1750 3121 1873 3214 possit,
1890 3123 1991 3194 decet
2004 3145 2134 3192 unum·

98 3219 135 3288 in
150 3219 312 3294 Ecclesia
335 3219 417 3290 ideo
429 3221 664 3316 ‚potissimum
683 3222 760 3293 dies
782 3221 913 3292 alicubi
933 3223 1095 3296 adiectos
1142 3245 1322 3316 quemque
1336 3245 1439 3292 suum
1455 3223 1638 3316 quoddam
1655 3223 1830 3294 eiusmodi
1845 3219 2053 3294 historicum
2071 3219 2134 3291 ha·

96 3321 220 3408 fuisse,
256 3335 298 3394 ut
316 3322 387 3394 illis
405 3325 672 3396 recurrentibus
695 3324 890 3418 quotannis
913 3323 1095 3401 admoniti
1141 3326 1226 3393 bere
1242 3322 1514 3408 Calendarium,
1539 3325 1578 3394 in
1600 3348 1673 3419 quo
1690 3325 1811 3415 legens
1827 3327 1958 3418 scripta
1972 3317 2134 3416 Prophe-

96 3425 256 3517 posteri,
281 3435 319 3494 et
334 3448 470 3517 poenas
487 3427 740 3498 sceleratarum
765 3438 922 3510 atroces,
949 3441 987 3498 et
1004 3427 1091 3498 libe-
1141 3427 1209 3495 tica
1234 3423 1510 3519 etApostolica,
1543 3427 1611 3498 sibi
1634 3439 1783 3496 annotet
1805 3429 1881 3498 dies
1902 3439 1938 3497 et
1955 3439 2134 3518 tempora,

95 3529 260 3602 rationes
278 3527 458 3602 Ecclesiae
481 3530 682 3614 mirandas,
715 3528 867 3601 subinde
891 3529 1014 3600 animo
1038 3541 1092 3608 at,-
1143 3529 1272 3622 quihus
1292 3528 1430 3597 invenit
1453 3541 1566 3620 gestas
1588 3529 1697 3600 resin
1714 3527 1891 3615 Ecclesia,
1917 3531 2043 3621 dignas
2059 3551 2134 3597 mc-

96 3633 231 3707 tentius
255 3631 543 3714 considerarent;
576 3645 612 3702 et
633 3657 712 3702 eam
736 3633 783 3702 ob
797 3653 951 3704 'causam
970 3632 1091 3702 Eccle-
1143 3631 1280 3713 enoria,
1305 3631 1452 3702 utillud
1476 3644 1598 3723 postea
1621 3631 1764 3703 intuens
1785 3631 1966 3727 quotidie,
1998 3633 2043 3701 de
2064 3629 2134 3701 illis
2172 3651 2176 3668 ¹

94 3733 184 3804 siam
211 3758 358 3830 quoque
378 3735 563 3806 videamus
585 3747 701 3806 certos
720 3735 796 3804 dics
819 3735 1011 3826 insignium
1035 3756 1093 3803 re·
1141 3731 1210 3802 Dei
1226 3733 1394 3823 operibns
1409 3745 1445 3803 ct
1458 3733 1638 3806 beneficiis
1654 3736 1918 3806 commonebat.

94 3859 175 3909 rum
201 3861 247 3908 ex
268 3833 419 3909 historia
441 3831 596 3922 Christi,
631 3835 732 3913 lastis
757 3837 830 3908 suis
853 3836 1091 3928 adscripsisse,
1245 3833 1343 3904 llaec
1373 3835 1467 3906 ratio
1491 3838 1672 3931 quandam
1696 3837 1800 3930 qnasi
1820 3838 1926 3909 nobis
1947 3836 2135 3908 necessita-

93 3952 135 4011 ut
149 3937 323 4011 omnibus
337 3938 406 4032 piis
418 3938 571 4011 similem
586 3937 807 4032 diligentiam
824 3941 1093 4008 conamendaret
1143 3950 1214 4006 tem
1236 3937 1411 4031 imponit,
1435 3951 1476 4010 ut
1490 3935 1697 4011 huiusmodi
1712 3938 1923 4031 Catalogum
1941 3937 2134 4030 insignium

95 4055 130 4114 et
150 4044 376 4136 iniungeret:
416 4043 517 4112 dccet
538 4065 774 4138 unaquoque
796 4055 941 4134 patrum
966 4053 1092 4123 sancto
1143 4053 1335 4111 eventuum
1351 4041 1456 4114 nobis
1470 4041 1790 4134 ipsiconficiamus,
1804 4043 1835 4114 si
1850 4040 2135 4111 modovolumus

95 4147 250 4218 consilio
276 4147 586 4238 obtemperantes,
619 4159 656 4216 et
672 4143 851 4214 Ecclesiae
874 4144 1091 4236 apostolicae
1144 4167 1225 4212 cum
1249 4165 1292 4211 eo
1315 4143 1433 4213 fnrctu
1449 4143 1487 4212 in
1501 4145 1653 4214 lectione
1666 4167 1849 4214 sacrorum
1864 4145 2038 4214 librorum
2056 4164 2135 4210 ver-

94 4251 195 4340 pium
230 4249 434 4340 exemplum
459 4247 658 4334 imitantes,
694 4249 854 4318 eandem.
869 4246 1090 4339 diligentiam
1143 4245 1234 4327 sari,
1261 4245 1325 4338 qui
1349 4269 1368 4314 a
1390 4245 1461 4337 piis
1482 4247 1671 4338 praecipue
1689 4247 1806 4338 expeti
1820 4249 1945 4332 debet,
1969 4245 2137 4315 videlicet

93 4366 283 4443 praestare
298 4353 337 4420 in
355 4349 519 4422 universa
537 4350 689 4424 lectione
706 4349 858 4434 biblica,
884 4363 924 4419 ut
940 4351 1094 4422 ubicun-
1142 4359 1275 4418 utnon
1289 4349 1398 4418 semel
1412 4348 1485 4432 illa,
1512 4372 1604 4443 quae
1620 4351 1664 4418 de
1680 4349 1859 4419 beneficiis
1875 4348 1945 4419 Dei
1956 4346 2136 4418 Ecclesiae

93 4479 164 4548 que
184 4466 326 4526 certum
341 4454 436 4525 diem
455 4454 668 4526 factoalicui
684 4453 850 4524 mirando
873 4453 1091 4546 adscriptum
1145 4446 1331 4533 exhibitis,
1362 4463 1485 4521 nostra
1517 4475 1620 4522 cansa
1652 4450 1782 4544 scripta
1814 4464 1918 4537 sunt,
1954 4464 2137 4542 utcunque

93 4557 301 4640 cernimus,
327 4568 432 4648 turpe
454 4559 627 4629 ducamus
647 4555 772 4639 uobis,
797 4557 898 4626 illum
923 4555 971 4624 ita
991 4579 1093 4649 prae-
1145 4553 1373 4644 cognovisse,
1398 4553 1483 4624 satis
1506 4577 1579 4624 esse
1603 4555 1808 4636 credamus;
1834 4556 1896 4626 sed
1917 4577 2041 4624 eorum
2063 4575 2137 4619 me·

92 4673 321 4740 terrasicca,
349 4658 451 4754 quasi
474 4660 605 4731 frustra
629 4659 705 4732 eius
729 4659 864 4728 mentio
882 4683 900 4726 a
919 4657 1093 4750 scriptore
1145 4657 1298 4724 moriam
1330 4655 1379 4724 ita
1411 4659 1663 4727 confirmemus
1691 4668 1727 4725 et
1752 4657 2004 4739 resuscitemus,
2036 4667 2077 4724 ut
2098 4653 2137 4719 in

92 4763 187 4833 facta
212 4762 282 4854 sit,
308 4773 343 4830 et
365 4787 440 4830 nou
456 4763 576 4832 statim
595 4787 675 4834 cum
697 4774 890 4842 annotare,
918 4774 953 4831 et
970 4761 1094 4831 nserrai-
1118 4813 1121 4838 ,
1146 4757 1250 4829 nobis
1274 4759 1385 4827 timor
1402 4757 1488 4845 Dei,
1512 4760 1640 4829 fiducia
1663 4760 1861 4850 promissae
1883 4758 1981 4851 opis,
2007 4756 2138 4846 implu-

92 4864 189 4938 nissc
215 4866 258 4934 in
283 4860 378 4936 hunc
401 4865 517 4956 ipsum
542 4891 667 4947 osuin,
700 4878 741 4936 ut
761 4863 955 4958 quotannis
975 4887 1095 4933 rever-
1118 4841 1122 4940 i
1146 4863 1238 4930 ratio
1263 4870 1299 4930 ct
1323 4863 1519 4952 expectatio
1544 4875 1662 4930 certam
1678 4861 1921 4943 liberationis,
1952 4857 2138 4952 patientia,

92 4979 193 5043 tante
231 4970 360 5038 eodem
394 4968 453 5036 dic
486 4969 682 5050 adnmniti,
723 4966 790 5036 Dei
827 4968 1025 5057 potentiam
1060 4979 1096 5036 et
1118 4947 1123 5066 i
1147 4977 1182 5034 et
1198 4965 1257 5032 alii
1274 4964 1324 5054 pii
1340 4977 1458 5034 ariolus
1473 4965 1622 5034 subinde
1639 4967 1890 5033 accendantur.

92 5073 323 5152 bonitatem,
356 5094 436 5140 cum
462 5071 498 5142 iu
523 5069 713 5164 puniendis
735 5069 899 5162 tyrannis
921 5082 956 5138 et
978 5067 1123 5176 perse-i
1249 5065 1317 5136 Sed
1352 5073 1396 5136 ad
1432 5064 1524 5136 hanc
1558 5067 1659 5161 quasi
1693 5069 1936 5137 necessitatem
1967 5065 2141 5136 accedunt

93 5174 287 5246 cutoribus
321 5173 484 5264 piorum,
518 5186 593 5244 tum
626 5173 665 5244 iu
695 5173 880 5242 liberanda
910 5185 946 5242 at
975 5173 1096 5242 defen·
1119 5184 1123 5284 J
1147 5170 1254 5238 etiaim
1279 5169 1449 5241 utilitates
1466 5172 1642 5265 quaedam
1660 5194 1888 5262 nequaquam
1909 5182 2139 5238 contemnen-

93 5282 215 5347 denda
235 5273 413 5357 Ecclesia,
442 5276 563 5344 accinio
586 5290 687 5368 grato
707 5274 924 5344 celebremus
941 5288 975 5343 ct
994 5299 1096 5366 prae-
1119 5285 1122 5334 t
1147 5275 1231 5354 dae,
1265 5275 1380 5366 quod,
1416 5274 1500 5342 dum
1532 5284 1734 5362 terrrporum
1766 5271 1994 5353 discrimina,
2032 5280 2138 5364 atque

94 5381 274 5450 dicemus.
1120 5353 1123 5385 ¹
1148 5379 1237 5443 adeo
1260 5375 1335 5444 dics
1357 5375 1472 5466 ipsos,
1505 5386 1680 5469 quatenus
1695 5375 1924 5466 fieriqpotest‚
1951 5371 2141 5465 diligenter
