4910 5964
358 284 433 360 uso
876 281 1531 386 rmu.s1un.sce1rravsnn
1556 281 1861 358 scemenum.
2159 341 2163 348 .
2302 283 2363 360 utu

357 456 511 530 ecclesiis
538 447 688 550 propter
717 456 832 527 studia
866 469 902 526 et
933 459 981 527 ad
1015 457 1162 528 alendus
1186 469 1348 550 pastores
1399 469 1521 530 neant.
1573 455 1621 528 Et
1635 455 1723 527 novi
1736 481 1778 526 ae
1797 455 1980 548 peregrini
2002 453 2115 547 magis
2138 465 2219 526 sunt
2242 455 2363 524 obnoxii

356 571 568 631 manserunt
586 582 695 650 penes
711 555 924 630 Monachus.
1400 559 1572 630 invidiae.
1622 559 1716 629 llinc
1738 559 1907 630 oriuntur
1930 557 2126 628 certamina
2148 569 2182 626 et
2206 555 2363 630 lectiones

460 661 549 734 (lum
571 674 690 731 autern
715 659 788 730 iarn
814 674 999 733 mutentur
1019 661 1263 745 Monasteria‚
1293 685 1349 730 rc·
1399 661 1910 734 Prodessettamenadsamae
1924 659 2164 732 celebritatem
2179 658 2363 730 addiunun

358 764 552 836 ctissimum
578 774 649 847 est,
691 775 732 832 ut
754 765 849 834 buna
874 787 997 836 rursus
1020 765 1282 836 transferantur
1303 765 1349 833 ad
1399 764 1573 860 aliquem,
1588 765 1652 858 qui
1672 765 1899 835 antecelleret
1914 762 2075 848 caeteris,
2099 774 2137 832 et
2152 761 2242 832 tueri
2256 765 2365 832 virtute

356 868 533 936 iuvandas
551 864 715 936 ecclesias
738 879 773 936 et
793 863 953 950 scholas,
985 891 1025 936 ac
1048 869 1094 936 ad
1117 867 1264 936 alendus
1286 889 1350 957 pa·
1401 868 1521 938 lucum
1538 880 1671 959 posset.
1705 867 1852 938 ¹‘l'alem
1867 867 1987 940 iudico
2002 858 2366 946 esseluacbimurnCa·

356 981 471 1042 stores
500 980 535 1038 et
563 991 739 1061 pauperes
769 965 1011 1041 scholasticus.
1075 969 1192 1042 Nemo
1219 968 1352 1038 militat
1402 970 1620 1054 mererium,
1645 969 1905 1064 quiTubingae
1919 967 2047 1066 estu),
2073 965 2136 1062 qui
2151 979 2290 1058 propter
2304 991 2366 1036 eru·

357 1073 431 1145 suis
446 1069 653 1162 stipendiis,
675 1071 795 1166 inquit
807 1069 1013 1164 Paulus⁵¹).
1042 1069 1090 1140 Et
1100 1067 1170 1141 hae
1188 1093 1273 1163 opes
1289 1073 1350 1140 da·
1403 1073 1578 1143 ditionem
1606 1095 1738 1164 magno
1761 1072 1843 1144 usui
1872 1084 1964 1144 esset
1992 1073 2134 1142 futurus
2158 1063 2313 1152 scholae,
2340 1081 2365 1138 et

357 1171 456 1272 tae‘)
469 1171 741 1257 suntEcclesiis,
767 1186 807 1244 ut
822 1173 895 1244 sint
909 1173 1086 1265 stipendia
1102 1173 1351 1272 docentium')
1403 1199 1523 1247 mures
1549 1175 1624 1246 eius
1640 1187 1726 1247 sunt
1748 1173 2020 1256 modestissimi,
2053 1184 2089 1242 et
2113 1183 2239 1242 natura
2260 1165 2365 1241 abhor-

362 1291 397 1350 et
413 1275 639 1348 discentium.
689 1273 787 1344 ldem
811 1275 997 1345 clamitant
1021 1289 1158 1348 veteres
1184 1299 1351 1347 canones.
1403 1303 1486 1349 rens
1504 1302 1523 1348 a
1539 1277 1754 1349 factionibus
1770 1291 1806 1348 et
1818 1277 2019 1349 discordiis.
2076 1273 2248 1346 Existimo
2270 1285 2364 1344 autem

359 1379 445 1452 ldeu
461 1377 550 1448 boni
565 1377 635 1446 viri
652 1390 687 1446 et
700 1390 865 1470 putentes
881 1378 920 1447 in
934 1377 1171 1475 Republica⁸)
1187 1378 1353 1448 annitan·
1404 1404 1509 1474 posse
1526 1379 1559 1450 ei
1574 1380 1796 1474 persuaderi,
1811 1393 1852 1451 ut
1866 1405 1903 1452 se
1918 1382 1962 1449 ad
1979 1403 2043 1450 vus
2056 1377 2227 1448 conferat.
2249 1373 2291 1446 Et
2303 1399 2365 1468 pos

360 1497 421 1556 tur
435 1479 604 1552 urmrilms
615 1479 773 1564 viribus,
805 1494 846 1551 ut
858 1485 907 1552 'ex
931 1481 1062 1574 opibus
1074 1477 1353 1566 Munachorum,
1404 1496 1458 1555 set
1476 1503 1549 1554 esse
1566 1485 1789 1575 prberaaor
1803 1483 1914 1555 totius
1929 1475 2178 1574 Philusuphlci
2191 1471 2299 1550 studi.
2324 1475 2365 1546 lu-

361 1596 537 1682 quantum
554 1583 710 1653 obtineri
726 1597 856 1675 potest,
872 1585 1139 1678 constituantur
1154 1582 1354 1656 Paruchiae
1405 1587 1486 1658 dicu
1509 1585 1616 1656 etiam
1640 1585 1828 1682 Micyllum
1854 1611 1894 1656 ac
1917 1583 2118 1658 sturmium
2140 1583 2279 1653 idoneus
2299 1603 2365 1650 esse

360 1702 395 1762 et
413 1681 575 1757 Scholae.
627 1685 741 1778 Saepe
758 1688 857 1758 soleo
872 1711 938 1779 per
952 1689 1072 1758 iocum
1088 1688 1237 1758 recitare
1257 1699 1354 1758 vetu-
1405 1689 1476 1762 Sed
1488 1687 1688 1763 sturmium
1705 1686 2161 1780 vixdimiuectrgenum.

359 1815 442 1866 rem
460 1782 675 1861 versiculum
697 1789 742 1860 de
764 1785 838 1870 his,
868 1790 933 1884 qui
962 1791 1117 1863 accusati
1144 1791 1183 1862 in
1214 1788 1357 1864 induit·
1384 1865 1390 1879 ‚
1508 1791 1613 1884 Opus
1642 1805 1696 1864 est
1727 1791 1838 1866 etiam
1858 1793 1961 1864 vebis
1982 1785 2241 1865 Mathematicu
2260 1784 2365 1878 prule

359 1893 541 1988 praedm
564 1891 775 1962 dividebsst
798 1918 884 1964 cum
901 1893 1104 1976 iudicibus.
1138 1907 1180 1964 ut
1199 1915 1237 1966 se
1260 1894 1355 1964 redi-
1405 1911 1507 1978 ssse,
1539 1895 1585 1965 de
1608 1919 1686 1990 quo
1704 1895 1743 1964 iss
1765 1895 1958 1966 eonsilium
1979 1889 2205 1964 melundas
2225 1886 2365 1959 arithm

360 2007 513 2066 meruit.
563 1993 746 2064 Sententia
763 1996 928 2066 versiculi
947 1991 1036 2066 haec
1051 2009 1123 2066 est:
1151 1995 1225 2090 Qui
1241 1997 1354 2068 multa
1405 2017 1526 2069 nesus.
2056 2003 2060 2012 '

360 2101 500 2170 furatus
517 2108 581 2179 est,
607 2109 643 2167 et
658 2121 770 2188 pauca
789 2100 851 2168 dat
865 2098 988 2182 indici,
1017 2099 1183 2184 elabitur,
1199 2096 1219 2172 ὅ
1237 2093 1356 2173 πολλὰ
1509 2099 1557 2170 Et
1582 2101 1672 2170 urdo
1693 2100 1888 2172 lectionum
1915 2099 2213 2194 praescribendus
2237 2106 2314 2166 esset
2334 2115 2363 2158 ac

360 2197 520 2298 κλέψας,
545 2194 609 2271 καὶ
626 2194 735 2300 tttye
748 2195 858 2287 duris,
886 2194 1112 2299 ἐκφείξεται.
1165 2202 1223 2273 Sic
1238 2204 1281 2272 de
1298 2195 1355 2271 his
1407 2215 1524 2275 certus
1561 2225 1733 2274 numerus
1766 2204 2034 2274 ordinariarum
2069 2202 2262 2273 lectionum
2290 2193 2363 2266 iust'·

361 2301 625 2394 direptionibus
642 2304 942 2374 monasteriorum
961 2305 1142 2375 interdum
1157 2305 1259 2388 dicu,
1283 2299 1356 2374 Eos
1407 2308 1583 2390 tuendus,
1609 2305 1775 2378 videlicet
1795 2319 1897 2392 uctu,
1923 2320 1986 2378 aut
2002 2305 2157 2378 circiter.

364 2405 428 2500 qui
443 2416 569 2473 tenent
586 2404 665 2474 illas
680 2405 940 2497 possessiones,
973 2405 1004 2476 si
1019 2407 1144 2476 saltem
1162 2430 1276 2500 pauca
1295 2408 1356 2476 de·
1458 2404 1612 2504 Physica
1631 2409 1833 2481 Aristotelis

364 2506 584 2577 uiderentad
599 2503 774 2577 Ecclesias
790 2501 1190 2596 etScholasinvandas,
1213 2509 1355 2578 veniam
1459 2503 1656 2582 Dialectica
1670 2507 1875 2584 Aristotelis
1960 2536 1968 2556 ¹
2011 2502 2018 2519 '
2057 2542 2064 2554 ·
2147 2567 2156 2580 .

363 2631 510 2702 sperare
542 2631 658 2700 posse.
735 2608 894 2680 Caeteris
924 2611 1084 2702 proiectu
1112 2612 1214 2682 nullu
1246 2613 1356 2683 ruodo
1460 2613 1649 2686 Elementa
1664 2613 1877 2688 Dialectices
1894 2639 1934 2685 ac
1950 2610 2165 2687 Rhetorices
2184 2621 2222 2684 ut
2237 2599 2364 2682 Caesarei

363 2711 619 2803 ignoscendum
635 2723 708 2794 est,
734 2712 798 2805 qui
814 2713 996 2784 devoratis
1011 2710 1067 2784 his
1083 2713 1213 2807 opibus
1234 2715 1359 2786 sinunt
1459 2716 1654 2788 Dialectica

363 2825 526 2905 pastores
541 2837 622 2884 orm
637 2811 783 2885 familiis
797 2815 892 2886 ianae
908 2817 1028 2908 perire
1038 2869 1058 2906 ,Ἰ
1074 2812 1215 2888 scholas
1229 2818 1358 2903 deseri,
1461 2819 1607 2896 Pottica
1622 2818 1728 2892 lectio

363 2914 525 3005 extingui
538 2914 725 2986 literarum
743 2917 874 2988 studia.
925 2917 1036 2990 Vides
1052 2931 1192 3004 autem,
1221 2933 1355 3015 quanta
1461 2921 1634 2996 Orator-ia
1654 2922 1760 2998 lectio
1778 2925 1996 3019 Quintiliani
2016 2940 2050 3001 et
2066 2927 2247 3003 Ciceronis

362 3019 411 3094 sit
425 3016 609 3108 opulmtia
630 3019 888 3090 coenobiorum
915 3020 1026 3092 totius
1047 3020 1207 3093 ditionis.
1271 3019 1358 3093 luds
1460 3024 1549 3098 ltcm
1565 3025 1691 3100 Etbica
1710 3030 1897 3122 pervices.
2072 3041 2079 3062 “’

363 3121 456 3194 sled
472 3118 620 3202 reditus,
646 3144 738 3213 quos
753 3121 826 3190 iam
841 3117 1167 3209 babetllsademia,
1183 3125 1358 3197 adderen-
1513 3127 1791 3202 Mathematicus
1818 3136 1922 3205 duae.
1991 3132 2162 3228 Quarum
2191 3137 2290 3206 altera
2313 3141 2364 3198 trs·

364 3235 426 3298 tur
439 3221 508 3294 tria
526 3234 589 3294 aut
603 3234 761 3316 quatuor
775 3224 876 3294 milia
896 3249 1090 3298 aureorum
1108 3251 1248 3313 annua,
1275 3253 1357 3321 pus·
1409 3233 1527 3304 denda
1553 3247 1588 3304 et
1610 3235 1763 3307 subinde
1791 3234 1986 3330 repetenda
2016 3251 2104 3310 stant
2129 3237 2314 3317 Elementa,
2337 3239 2364 3298 ul

363 3336 443 3396 tent
463 3320 616 3401 huumtc
641 3325 819 3418 stipendia
843 3340 878 3398 et
894 3325 1112 3402 Ductoribus
1126 3344 1162 3402 et
1178 3331 1358 3426 aliquibus
1408 3333 1660 3412 Aritlsmetica.
1700 3337 1832 3410 Libelli
1849 3343 1893 3412 de
1907 3339 2149 3519 Sphaerffl&
2172 3355 2206 3415 et
2220 3337 2364 3414 Secundus

362 3426 583 3520 pauperibus
596 3423 817 3502 scholasticis
832 3430 1014 3505 cunstitui.
1052 3431 1189 3504 Mirum
1207 3447 1261 3505 est
1274 3457 1358 3529 pro·
1408 3436 1532 3513 Plinii.
1600 3441 1658 3512 Ad
1686 3442 1835 3514 alteram
1868 3441 2070 3517 theoricae
2149 3459 2315 3518 anetarum
2340 3445 2363 3505 tt

310 3615 321 3622 ,
362 3531 478 3614 lecto,
511 3529 541 3601 si
562 3551 638 3602 uun
661 3531 850 3623 impetrari
873 3547 1013 3626 potest,
1044 3548 1087 3606 ut
1107 3560 1149 3606 er
1172 3549 1275 3607 tantu
1298 3563 1358 3609 cn·
1409 3543 1543 3616 similes
1562 3543 1647 3616 libri
1670 3545 1886 3638 pertineant.

363 3629 505 3728 mulu⁹)
522 3634 703 3706 tantillum
717 3637 906 3726 perveniat
921 3640 966 3708 ad
980 3633 1169 3725 Subolem,
1197 3661 1289 3736 qnae
1306 3653 1359 3715 est
1512 3647 1651 3721 Graeca
1681 3651 1890 3741 praelectio.
1951 3650 2047 3724 Natu
2070 3651 2223 3726 Ebraim
2243 3653 2282 3722 ad
2302 3647 2361 3716 alte·
2409 3607 2410 3691 l

362 3735 600 3826 praecipuum
614 3747 868 3808 ornamentum
884 3740 995 3812 tutius
1008 3741 1169 3814 ditionis.
1219 3739 1359 3814 lucum-
1410 3771 1492 3820 rum
1509 3771 1551 3825 ex
1568 3747 1763 3844 Theolugls
1785 3753 1955 3846 pertinet.

363 3837 426 3907 bes
447 3837 558 3954 igitur
578 3851 753 3957 quantum
777 3843 931 3931 puteris,
966 3857 1006 3914 ut
1035 3844 1173 3940 aliquid
1200 3845 1289 3915 inde'
1313 3845 1359 3918 ad
1513 3852 1570 3923 Ad
1600 3849 1665 3926 bas
1688 3857 1946 3948 praelectiones
1974 3862 2145 3932 accedere
2177 3847 2362 3931 consuctudi-

361 3939 593 4014 menum
613 3942 808 4060 derivetur.
1411 3977 1496 4026 nem
1513 3956 1721 4050 disputandi
1736 3983 1778 4030 ac
1792 3963 2018 4034 declamandi
2032 3967 2191 4057 prodest.
2408 4021 2409 4056 .

365 4105 370 4116 ,
394 4085 398 4093 -
465 4037 509 4111 ln
520 4039 705 4116 Facultste
722 4056 853 4117 aruum
877 4041 1018 4118 habetis
1041 4048 1181 4146 aliquot
1200 4053 1359 4126 eruditus
1512 4057 1672 4132 incunda
1689 4065 1865 4135 estetiam
1880 4063 1987 4152 ratio,
2002 4079 2043 4138 ut
2059 4067 2172 4164 aliqui
2186 4056 2362 4162 praesistit

362 4141 556 4262 Magistros
565 4198 583 4264 ,ι
600 4157 636 4216 et
652 4146 831 4264 rationem
853 4144 984 4220 baberi
1006 4155 1269 4243 praesentium,
1296 4156 1358 4252 qui
1410 4157 1578 4256 Collegiis
1600 4177 1771 4261 tanquam
1788 4171 1950 4242 custodes
1973 4181 2009 4241 et
2030 4174 2280 4264 gubernaturus
2294 4161 2361 4232 illius

362 4257 447 4319 suat
462 4248 605 4332 rduner,
629 4249 716 4320 utile
733 4263 787 4322 est
802 4253 923 4324 multis
945 4255 992 4322 de
1013 4255 1142 4328 causis.
1199 4254 1357 4330 Invitan-
1409 4266 1625 4355 iuventutis,
1651 4291 1744 4366 quae
1760 4271 1810 4342 ibi
1830 4267 1981 4344 habitat.

363 4359 424 4420 tur
440 4349 536 4422 enim
547 4347 595 4445 ¹⁰)
614 4353 757 4438 caeteri,
772 4367 814 4424 ut
830 4356 871 4425 in
884 4355 1081 4428 Academia
1098 4357 1268 4432 libentius
1282 4385 1357 4431 ma·

364 4481 571 4504 fi-ffl—t-

2407 4353 2408 4423 l

1446 4501 1493 4563 tt)
1510 4503 1553 4554 ttx
1576 4505 1619 4556 ttts
1643 4507 1739 4560 verbis
1762 4506 1947 4574 urtetttgttun
1978 4511 2047 4564 tsec
2068 4513 2143 4564 tuter
2167 4523 2250 4565 annus
2274 4498 2360 4558 mse

250 4617 258 4640 ,
396 4563 451 4625 su
471 4565 575 4620 cose.
590 4567 619 4634 a,
636 4567 662 4618 r.
936 4616 940 4624 ,
1480 4571 1557 4626 ross.
1575 4587 1642 4628 sas
1656 4577 1773 4644 seen.
1805 4578 2157 4634 ronan-sommus
2170 4581 2240 4633 nin
2255 4566 2359 4629 ιω

394 4647 430 4714 ο)
448 4647 543 4718 astes]
561 4650 646 4720 σῃ,
674 4654 740 4726 aas,
1477 4644 1620 4696 mutnus
1634 4643 1709 4700 Duce
1718 4649 2139 4715 wircenburgenuevuestu,
2156 4647 2360 4709 samsom*

397 4733 429 4802 ⁷)
446 4725 616 4805 domnum]
635 4739 717 4792 004:
743 4742 887 4794 dmm.
1477 4709 1519 4762 stu
1537 4712 1782 4782 tturlnbergenst,
1800 4719 1844 4768 cot
1861 4717 1925 4769 inde
1943 4721 1978 4770 sb
1996 4731 2040 4772 an.
2056 4719 2131 4772 lm.
2150 4719 2295 4786 praefectus
2310 4709 2359 4764 etth

397 4818 428 4886 Β)
447 4821 716 4886 Republlce100d.:
741 4829 845 4891 nepus.
1474 4781 1657 4904 elwini?
1663 4785 2061 4913 ἕοῇῗοήῗυῖοώέιιῗέιτ
2078 4773 2358 4912 iiiimxiiii&

395 4903 428 4971 s)
446 4909 570 4970 unnntu]
589 4907 672 4964 code
697 4913 806 4964 rumulo
1477 4929 1530 4980 que
1546 4921 1635 4973 turm
1654 4921 1754 4976 ltterss
1772 4891 1892 4975 ts’ttctter
1909 4928 2009 4978 docuit
2061 4892 2071 4924 ⁹
2127 4873 2161 4933 μ’
2302 4883 2310 4912 i

401 4989 447 5049 tn
466 4991 551 5061 ωιι]
570 4995 639 5050 cus
656 4997 740 5048 uus
755 4997 915 5062 ussum
932 5002 1138 5066 emmau-2
1163 5017 1199 5056 a·
1445 5001 1491 5070 ¹⁸)
1510 5003 1660 5074 flamus]
1677 5005 1763 5062 Μ’
1786 5008 1903 5082 spen,
1992 5019 1997 5030 '
2032 5022 2037 5038 ·

1191 5285 1570 5302 *-
