4938 5966
110 267 159 342 tt

371 427 422 500 ln
450 433 662 510 ahrevia
687 436 838 530 suntss)

114 559 168 630 sia
179 549 382 624 foeminina
398 550 659 632 adieetivornm
676 556 715 625 in
732 581 787 645 υς,
804 571 846 628 ιιι
860 555 967 654 ἡδύς,
986 557 1106 657 ἡδεῖα,

118 660 179 730 αῖα
195 653 396 746 disyllaba,
422 667 464 724 ut
477 656 583 753 γαῖα.

115 757 400 834 uasnbstantiva
410 757 456 828 ab
464 757 647 834 adieetivis
655 785 709 854 ης,
718 758 923 860 ιιιάἱηθής,
936 761 1107 864 ἀλήθεια.

115 886 151 933 ια
163 858 362 930 foeminina
378 859 660 947 adieetivorurn,
682 877 724 935 ut
737 861 883 940 τιὶντνια.

116 967 228 1053 οὖσα,
252 973 295 1032 ut
310 965 462 1054 μοῦσα,
489 961 540 1034 sia
554 965 827 1058 participiorum
846 972 954 1042 οὖσαι.

212 1063 349 1134 Brevia
363 1077 450 1134 sunt
465 1064 552 1137 item
567 1091 800 1164 quaecunque
815 1071 963 1164 reliquis
979 1093 1106 1148 conso,-

118 1165 281 1266 uantihus
296 1175 449 1240 utuntur
462 1180 546 1240 ante
561 1193 604 1256 α,
631 1183 673 1242 ut
689 1167 792 1254 δόξα.

297 1318 631 1412 Paradigmata
667 1327 917 1417 regularia.
1008 1380 1013 1388 .

558 1439 682 1540 21⁸⁶).

344 1541 442 1634 Sing.
469 1537 660 1641 ἧμοῦσα,

472 1643 696 1746 vacuatione

472 1754 520 1844 τῇ
534 1744 659 1846 μοῦστι

345 1937 347 1945 Ι
472 1847 543 1946 τὴν
559 1858 709 1945 μοῦσαν
832 1939 835 1947 ,

459 1943 656 2047 ἀἰμοῦσα.
757 1969 759 1977 ”

334 2049 443 2124 Dual.
469 2049 517 2154 aul
535 2048 663 2153 μούσα
790 2141 795 2149 ,

244 2157 247 2160 ’
470 2157 556 2230 ταῖν
569 2153 743 2251 μούσαιν.
796 2154 828 2206 ·’

323 2252 442 2330 'Plur.
470 2255 512 2332 αἱ
527 2265 669 2352 μοῦσαι
828 2255 831 2267 ’

471 2365 550 2436 τῶν
565 2367 722 2456 μουσιὶν
787 2428 790 2436 ,
871 2385 874 2392 ’

469 2465 552 2545 ταῖς
563 2461 723 2558 μούσαις

466 2559 534 2645 τὰς
548 2559 695 2659 μούσας

473 2658 673 2760 opedam.

556 2799 652 2898 ¹¹⁸³)

347 2901 445 2992 sing·
473 2899 601 2999 ἦτὶμὶἱ
688 2985 691 2993 .
739 2994 743 3004 ,
838 2951 869 2992 ·;

472 3011 536 3101 τῆς
551 3009 659 3100 τιμῆς
845 3060 849 3073 .

472 3114 520 3203 τί
536 3112 626 3202 τιμῇ
786 3183 793 3200 ι

472 3207 540 3304 τὴν
555 3204 668 3304 τιμήν

278 3389 281 3398 A
473 3305 623 3406 uirtuti.

342 3411 450 3482 Dual.
470 3410 519 3486 τοὶ
532 3412 623 3506 τιμά

471 3517 558 3588 ταῖν
574 3515 714 3608 τιμαῖν.

343 3617 443 3688 Plur.
471 3615 511 3690 αἱ
527 3614 633 3706 τιμαί

472 3723 552 3792 ταῖν
567 3720 689 3811 τιμσῖν
812 3791 818 3800 ,

473 3823 556 3904 ταῖς
568 3819 693 3912 τιμαῖς
791 3893 799 3904 ,

472 3919 540 4006 τὰς
553 3915 663 4013 τιμοίς

472 4019 637 4118 ὦτιμαί.

207 4135 257 4206 Et
279 4131 456 4226 regularis
483 4127 628 4226 quidem
652 4127 827 4220 genitivus
847 4130 1038 4221 singularis
1060 4158 1103 4227 ης

112 4251 169 4309 est.
221 4237 363 4309 Verum
379 4239 409 4308 si
424 4243 559 4305 nomen
575 4231 676 4300 liniat
699 4248 735 4304 α’
748 4233 876 4323 longo,
911 4245 974 4303 aut
995 4258 1102 4325 puro,

110 4335 268 4427 horest,
297 4342 397 4436 quod
414 4334 598 4434 praecedit
613 4335 767 4420 vocalis,
793 4347 856 4408 aut
869 4361 931 4433 ρα,
948 4331 1012 4423 δα,
1031 4336 1100 4425 θα,

112 4445 284 4535 reginaris
298 4445 478 4538 genitivus
490 4441 529 4510 iu
543 4463 587 4522 ας
602 4439 722 4524 finiet,
745 4449 786 4508 nt

112 4544 204 4639 Sing.
232 4545 395 4645 ἡσοφία

237 4656 307 4746 τῆς
322 4645 458 4748 σοφίας
509 4709 512 4716 .
536 4645 629 4715 llinc
643 4655 728 4716 sunt
744 4655 778 4712 et
796 4640 918 4712 Latini
940 4642 1101 4736 genitivi,

235 4759 285 4849 τῇ
300 4749 418 4852 σοφίᾳ
491 4748 666 4832 familias,
692 4747 827 4828 Maias,
850 4746 934 4840 quia
950 4746 1102 4831 familia,

122 4867 128 4878 ’
235 4853 312 4952 τὴν
326 4851 468 4954 σοφίαν
493 4851 604 4935 Maia,
621 4875 646 4924 α
661 4874 753 4943 puro
769 4849 911 4921 liniunt.
923 4847 1015 4920 Vide
1023 4848 1102 4918 Pri-

237 4952 272 5031 td
289 4955 419 5054 σοφία.
491 4955 651 5028 scianum
661 4956 704 5026 de
720 4952 959 5023 declinatione
971 4949 1101 5043 prima.

110 5061 215 5136 Dual.
239 5057 291 5134 ταί
311 5057 428 5158 σοφία

237 5165 329 5237 ταῖν
345 5157 510 5260 σοφίαιν.

141 5334 193 5394 vt)
210 5333 296 5391 aut]
312 5329 343 5380 tn
359 5327 422 5379 ttad.
444 5325 528 5380 nttt.
546 5326 638 5379 deest.

141 5417 191 5478 ιι)
210 5421 244 5469 A
265 5453 273 5468 .
293 5451 300 5468 .
318 5451 325 5468 .
342 5415 386 5474 a]
409 5415 461 5466 ιιι
485 5411 696 5464 amnuens·
724 5387 933 5474 summalae
963 5408 993 5460 n
1016 5407 1101 5462 rna.

179 5485 378 5540 thu-tuat.
397 5484 505 5534 derunt.

1099 4499 1103 4508 ·
1230 4479 1296 4567 τῆς
1310 4467 1477 4567 ἱστορίας

571 335 577 344 ,
632 261 755 339 acra
809 263 1140 345 ornaturum
1170 275 1365 352 aarum
1395 229 1626 359 tarnem.

1159 447 1259 520 Plur.
1291 449 1333 523 αἱ
1350 449 1481 549 σοφίαι
1522 502 1525 510 ,

1236 603 1237 610 ι
1288 557 1366 628 ταῖν
1382 561 1528 651 σοφισῖν

1287 657 1370 736 ταῖς
1385 658 1534 754 σοφίαις

1287 751 1355 838 ode
1371 755 1507 853 σοφίας

1288 849 1481 958 ὦσοφίαι.

1529 1009 1775 1086 Examen

1260 1131 1500 1200 Νοιιιίιιαίίαιιο
1514 1155 1539 1200 α
1556 1131 1634 1230 linit
1653 1145 1714 1202 aut
1734 1161 1769 1228 η.
1828 1133 1895 1204 Hic
1916 1135 2001 1204 item
2028 1137 2149 1206 obser-

1160 1229 1260 1300 vabis
1287 1227 1448 1302 lonicam
1477 1231 1718 1304 variationem
1743 1257 1771 1306 α
1798 1235 1836 1305 in
1861 1264 1904 1332 η,
1933 1233 2046 1335 σοφίη
2072 1261 2140 1329 pro

1158 1327 1295 1429 σοφία,
1322 1345 1357 1401 st
1374 1331 1544 1403 Doricam
1559 1360 1584 1427 η
1599 1335 1638 1408 in
1655 1361 1702 1428 α,
1725 1335 1818 1432 τιμαί
1832 1337 2015 1434 prostravi.
2063 1339 2148 1410 Cre-

1013 1451 1018 1462 ·
1148 1434 1224 1506 hro
1241 1447 1277 1507 et
1291 1434 1438 1527 propria
1458 1449 1637 1534 mutanti]
1653 1440 1693 1508 in
1709 1465 1788 1522 οια,Ι
1803 1453 1844 1510 ut
1851 1439 2041 1538 Καλλιόπη
2048 1445 2149 1513 Καί.-

1154 1532 1310 1611 troada
1362 1537 1607 1635 Virgilium:
1642 1539 1782 1636 Orphei
1798 1535 2020 1635 Calliopeia,
2052 1542 2147 1616 lu'm

1154 1639 1334 1710 formosus
1348 1639 1492 1731 Apollo.
1572 1657 1578 1665 ”

1260 1745 1437 1816 Genitioas
1459 1745 1632 1836 regularis
1653 1773 1697 1842 ης
1714 1761 1784 1832 est,
1811 1761 2032 1840 praeterea,
2052 1773 2162 1842 quae,

1156 1844 1287 1914 liniunt
1304 1845 1473 1936 alongo,
1499 1872 1614 1939 puro,
1641 1875 1709 1944 ρα,
1737 1847 1806 1937 δα,
1829 1849 1894 1923 θα.
1945 1851 2038 1922 Nam
2056 1847 2147 1921 haec

1153 1939 1367 2037 regulariter
1399 1949 1597 2040 genitivum
1627 1975 1692 2044 per
1720 1977 1764 2035 ας
1783 1953 1956 2046 faciunt.v
1996 1951 2147 2044 Semper

1060 2140 1064 2155 Ι
1156 2062 1276 2122 autem
1301 2051 1510 2122 memineris
1535 2054 1706 2126 transitus
1733 2081 1757 2126 α
1783 2055 1821 2124 in
1847 2083 1890 2150 η,
1918 2050 2147 2152 σοφίηςρτα

1156 2149 1309 2250 σοφίας,
1335 2158 1445 2248 τιμᾶς
1460 2179 1527 2246 pro
1543 2161 1670 2252 τιμῆς,
1698 2157 1735 2248 id
1747 2161 1850 2250 ‘quod
1867 2171 1903 2228 et
1916 2157 1956 2225 in
1971 2157 2094 2226 dativo
2111 2170 2148 2227 et

1072 2251 1091 2261 ''
1155 2255 1357 2325 accusativo
1383 2258 1591 2328 observabis
1601 2270 1619 2342 ‚'·
1649 2273 1695 2330 ut·
1723 2259 1795 2354 ἔβα
1825 2256 1892 2356 ιιαῖ1
1913 2263 2054 2355 ταῦρος
2079 2253 2143 2333 ἄν’

1153 2351 1268 2440 iiior,
1300 2380 1369 2446 pro
1395 2357 1464 2453 ἔβη
1484 2357 1549 2432 καί
1571 2368 1710 2456 ταῦρος
1735 2359 1798 2434 ἀν’
1815 2357 1923 2454 ὕλην.
1983 2360 2084 2430 Abiit
2110 2374 2147 2432 et

1154 2471 1279 2529 taurus
1300 2459 1339 2527 in
1362 2455 1520 2552 sylvam,
1546 2457 1762 2533 Theocritus
1774 2459 1835 2558 ⁰⁷)
1859 2475 1863 2487 “
1894 2460 2027 2532 Dualia
2051 2458 2146 2532 nihil

1072 2555 1078 2563 ’
1153 2561 1309 2631 variant.

1259 2667 1436 2736 (tentam
1456 2667 1605 2753 pluralia
1629 2689 1685 2738 ιον
1706 2665 1797 2736 finit.
1862 2664 1980 2736 Porro
2010 2689 2090 2734 cum
2113 2691 2147 2738 αι

1155 2778 1306 2856 cognata
1320 2765 1366 2837 sit
1381 2789 1461 2836 eum
1477 2791 1516 2858 α,
1542 2792 1599 2840 ων
1615 2765 1960 2838 mutantDorienses
1976 2765 2015 2836 in
2029 2765 2147 2865 σν“),

1152 2872 1328 2962 μουσῶν,
1354 2873 1523 2960 μουσᾶν,
1549 2870 1641 2940 sicut
1656 2882 1708 2940 est
1725 2869 1822 2962 apud
1835 2865 2144 2968 Theocritum&

1150 2966 1311 3062 χαλεπαί
1330 2965 1406 3068 γὰρ
1427 2966 1511 3044 ὁδοὶ
1531 2968 1762 3046 τελέθουσιν·
1773 2968 1923 3048 ἀοιδᾶν.
1973 2967 2146 3045 Difficiles

1154 3084 1239 3142 sunt
1253 3073 1332 3142 viae
1350 3097 1549 3144 musarum.
1602 3075 1701 3149 Solet
1715 3074 1800 3151 item
1817 3099 1849 3147 ιο
1867 3075 2019 3150 Δειίοιιιὶἱ
2041 3099 2147 3166 prae-

1002 3278 1005 3289 ·
1123 3235 1124 3266 η
1154 3174 1273 3266 posito
1300 3201 1325 3248 α
1349 3175 1406 3244 vel
1431 3202 1465 3256 s,
1511 3189 1553 3246 ut
1578 3169 1762 3269 μουσάων
1783 3170 1935 3261 Dorice,
1965 3175 2146 3270 μουσίισν

1153 3273 1285 3346 lonice.
1783 3337 1801 3366 N

1256 3383 1405 3450 Batinus
1417 3383 1565 3469 pluralia
1579 3406 1637 3462 αις
1650 3380 1741 3466 finit,
1767 3394 1804 3449 et
1817 3382 1933 3454 soluta
1949 3375 2146 3472 diphthon-

1154 3505 1199 3572 go
1222 3483 1391 3574 propria,
1417 3509 1461 3578 ης
1482 3483 1683 3575 impropria
1704 3479 1933 3573 diphthongo
1952 3481 2052 3566 finit,
2087 3481 2145 3552 eui

1155 3596 1191 3655 et
1212 3609 1226 3654 ι
1250 3584 1397 3655 adscisci
1420 3585 1511 3656 solet
1532 3609 1597 3676 per
1619 3604 1827 3677 paragogen
1842 3577 2022 3680 μούσαις,
2045 3579 2143 3677 μού-

1154 3708 1240 3781 σης,
1264 3679 1449 3780 μούσησι,
1475 3687 1686 3779 sieutsupra
1711 3688 1750 3756 in
1768 3687 1885 3779 prima
1904 3685 2144 3756 declinatione

1153 3789 1232 3858 fieri
1258 3788 1433 3860 videmus.
1503 3789 1562 3860 sie
1585 3789 1761 3861 Hesiodus
1786 3786 1902 3888 [Opp.
1925 3800 1959 3858 et
1982 3785 2030 3858 Ι).
2053 3781 2142 3860 3⁵2.

1154 3893 1213 3984 ed.
1223 3886 1398 3990 Goettl.]:
1421 3887 1749 3988 antespastus
1764 3885 1887 3989 αίτησι.
1929 3889 2027 3960 Mala
2043 3890 2143 3958 lucra

1155 3995 1318 4088 aequalia
1344 3995 1496 4068 damnis.
1557 3994 1666 4090 ἄτῃσι
1682 4019 1749 4087 pro
1768 3993 1893 4081 ἄταις,
1923 3996 1972 4065 ah
1988 3990 2057 4086 ἄτη
2077 4013 2143 4060 no·

1153 4097 1342 4168 minativo,
2087 4097 2089 4109 '

1354 4251 1628 4344 Figuratum
1654 4249 1942 4338 Paradigma.

1154 4370 1190 4440 S.
1227 4366 1417 4470 ἡὶστορία
1648 4364 1792 4466 ἱστορίη
1800 4363 1863 4459 ¹⁰')

1648 4467 1812 4569 ἱστορίης
1821 4465 1883 4564 ιω)

1574 4617 1578 4628 ι
1646 4570 1792 4674 ἱστορίη
1802 4569 1864 4666 ιο’)
1949 4587 1955 4603 ⁸

1646 4670 1815 4773 ἱστορίην

1646 4773 1803 4876 ἱστορίη.

1229 4581 1277 4670 τῇ
1293 4570 1440 4671 ἱστορίᾳ

1186 4735 1189 4742 .
1228 4674 1298 4771 τὴν
1311 4672 1480 4772 ἱστορίαν

1230 4771 1263 4852 ui
1279 4775 1425 4873 ἱστορία

1188 4993 1237 5052 96)
1255 4991 1334 5057 Vtrg.
1352 4993 1413 5046 Ecl.
1432 4996 1459 5058 4,
1479 4991 1522 5045 57.
1621 5050 1624 5060 ¹

1188 5079 1237 5138 vt)
1255 5079 1389 5130 Tteoertt.
1408 5079 1487 5143 xlv,
1505 5078 1548 5130 48.
1570 5079 1621 5128 tta.
1640 5077 1790 5144 Kleaaltng.

1139 5151 1142 5160 “
1187 5160 2141 5232 ιο]αιμιοιοαιταια.ιοιι.,ιοοο.,ιοττ.;τοιαιιιι-ιιιαα

1187 5251 1238 5311 99)
1256 5251 1392 5303 ’rneoertt
1404 5251 1482 5315 xvi,
1499 5251 1561 5315 stt,
1579 5250 1625 5300 ubl
1642 5253 1733 5302 autem
1752 5251 1780 5300 tn
1798 5249 1849 5304 nt.
1866 5249 1968 5304 litent.
1987 5249 2048 5302 loco
2066 5247 2140 5304 nat-

1223 5323 1326 5372 σασαιν
1341 5313 1442 5372 dudda
1459 5323 1603 5386 teguntur:
1629 5317 1771 5372 τιλίαοντι
1787 5313 1899 5377 ἀοιδαῖς.

1191 5407 1256 5468 100)
1275 5407 1397 5480 ἱστορίη,
1414 5405 1552 5474 ἱστορίης,
1569 5404 1691 5476 ἱστορίη]
1707 5408 1750 5458 alo
1768 5406 1852 5460 tttttt.
1875 5405 1967 5472 tm,
1988 5403 2079 5470 15384
2109 5405 2140 5456 ta

1223 5477 1308 5532 una.
1323 5479 1386 5530 tut
1396 5477 1515 5532 -taaa
1532 5479 1585 5530 tae
1599 5479 1661 5532 tm
1677 5479 1785 5531 tornae
1801 5477 1911 5532 desunt.
