4812 5964
67 276 131 362 ιιι
706 274 831 354 xcvi.
886 273 1228 350 *carantana
1259 274 1452 351 namna.
1509 315 1514 324 -
2022 279 2101 357 sot

66 471 123 516 asar
148 447 298 529 quadam
324 447 359 506 iu
388 465 459 526 nos,
486 457 549 508 tom
571 459 652 508 certo
675 451 801 529 quodam
822 449 943 510 coasilio
965 450 1127 510 connivere
1147 449 1296 510 interdurn
1320 452 1419 510 Deum
1439 452 1478 510 ad
1499 451 1650 510 hominnm
1670 451 1822 512 audaciam
1845 463 1875 513 et
1898 445 2030 531 seelera,
2059 467 2103 534 ut,

68 533 302 619 quemadmodum
326 532 398 591 dicit
419 533 517 610 idem,
545 535 627 593 ouius
649 536 738 612 paolo
760 546 831 594 ante
852 536 988 611 memini,
1016 535 1247 612 Demosthenes,
1274 537 1328 596 sibi
1352 538 1380 594 in
1405 538 1638 597 consideratione
1660 556 1793 598 summae
1820 539 1995 599 dementiae¹
2009 541 2105 600 Athe*

67 623 196 686 niensium
220 633 314 696 saepe
336 618 461 678 subiisse
484 615 677 698 φοβεῖσθαι
684 663 695 694 ,
722 613 769 700 μή
789 637 824 689 ιι
844 611 1026 698 δαιμόνιον
1045 613 1089 680 ssi
1111 615 1300 702 scodram
1321 616 1466 712 ἐλαύνῃ,
1496 624 1536 681 ita
1559 643 1611 683 uos
1633 635 1713 683 certo
1736 637 1898 684 statuamus
1918 625 1993 684 haec
2014 628 2103 704 mala,

67 725 175 790 quoram
197 706 307 784 partim
330 701 451 779 dolore,
489 707 597 782 partim
627 718 706 764 metu
736 723 928 783 exercemur,
963 726 1021 772 non
1043 707 1174 775 existere
1195 706 1333 784 fortuito,
1370 708 1424 768 sed
1446 709 1534 768 certis
1556 709 1709 768 decausis
1730 729 1749 769 a
1770 710 1835 768 Deo
1857 710 1972 773 immitti
1998 713 2106 790 generi

67 797 198 863 humano,
221 799 253 848 et
275 783 410 866 permitti
431 799 465 848 ut
485 789 637 868 diabolus,
666 800 751 848 autor
770 783 986 868 calamitatum,
1025 791 1135 850 saarim
1159 793 1317 870 aliquando
1339 793 1369 851 in
1394 795 1482 853 terris
1504 793 1668 853 immanius.
1724 798 1767 854 Ac
1789 813 1855 852 cum
1878 813 1931 853 nos
1953 797 2104 876 capiamus

69 885 122 942 esse
141 879 175 936 in'
195 884 298 934 eorum
322 871 463 952 numero,
493 875 544 955 qni
566 875 674 936 Christi
696 875 823 953 primum
845 877 954 958 ipsius,
986 876 1097 936 deinde
1119 877 1325 955 Apostolorum
1347 881 1505 958 praeconio
1528 880 1680 954 convocati
1708 881 1812 955 inere,
1848 885 1885 938 et
1907 881 1986 938 nudo
2014 880 2105 940 etiam

68 967 152 1026 sorbis
170 961 531 1034 illorum‘·'conrocantnr,
559 963 608 1040 qui
631 973 677 1021 est
697 973 796 1021 metus
818 961 1001 1021 Christianus
1023 972 1054 1022 et
1075 963 1201 1022 ecclesia
1222 961 1294 1040 Dei,
1323 983 1384 1032 non
1406 960 1592 1047 querelis'e't
1614 985 1667 1024 nos
1689 965 1812 1024 stallos
1835 966 2018 1042 defatigare,
2050 963 2105 1024 sed
2185 949 2188 959 ¹

68 1053 113 1112 hoc
135 1062 223 1126 agere
238 1049 276 1106 *e't
297 1043 446 1125 perficere
469 1045 628 1127 debemus,
659 1048 869 1107 crassitatem
892 1039 1517 1128 colamus,etfidemDeo'praestemus,
1552 1060 1584 1109 et
1612 1048 1684 1110 freti
1706 1049 1905 1114 misericordia
1927 1049 2007 1108 illius
2032 1047 2104 1108 con}

70 1137 194 1197 sistamur
221 1133 347 1216 quisque
374 1132 440 1189 loco
469 1149 538 1207 suo,
574 1151 633 1191 non
663 1133 758 1191 solnm
779 1131 914 1208 sortiter,
949 1141 1089 1213 tanquam
1111 1135 1141 1192 in
1163 1127 1427 1216 aciepugnatnri,
1462 1135 1486 1196 si
1509 1138 1707 1212 accessesit,
1745 1136 1991 1216 sed'perpessnri
2013 1138 2103 1194 etiam

70 1232 251 1301 quaecunque
271 1217 368 1276 oblata
391 1213 520 1293 inerint,
550 1214 679 1277 scientes
700 1216 813 1294 Deum,
843 1219 894 1297 qui
916 1214 1040 1298 propter
1062 1217 1155 1278 filium
1179 1212 1233 1280 nos'
1256 1221 1464 1282 benevolentia
1484 1241 1536 1282 sua
1567 1223 1739 1300 complexus
1766 1219 1840 1299 tuis,
1875 1239 1933 1278 non
1963 1238 2053 1298 posse
2083 1237 2103 1278 a

71 1309 147 1366 nobis
167 1321 226 1364 esse
241 1303 393 1362 alienam:
422 1301 461 1362 Et
481 1301 560 1360 hunc
582 1309 822 1363 conservaturum
846 1297 962 1362 Christo
986 1324 1039 1362 suo
1060 1307 1213 1383 proprium
1237 1305 1370 1384 coetum',
1406 1311 1436 1366 in
1459 1327 1517 1386 quo
1540 1307 1631 1386 ipsius
1655 1306 1760 1366 caritas
1784 1317 1816 1370 et
1837 1307 1959 1383 merita,
1993 1324 2029 1364 ae
2048 1309 2105 1366 be·

71 1389 167 1451 neicia
185 1371 579 1467 inaes‘tiniabilid'perpetao
600 1383 828 1467 praedicentur,
863 1400 894 1448 et
915 1388 1055 1448 landetur
1075 1391 1141 1469 ipse
1162 1403 1248 1470 pater
1277 1391 1387 1451 domini
1415 1407 1447 1452 et
1477 1393 1641 1452 liberatoris
1670 1391 1762 1451 nostri
1784 1385 2001 1474 lesu‘Chrieti,
2036 1393 2104 1450 cnn'r
2151 1421 2155 1428 ·

70 1489 158 1536 sancto
178 1471 303 1552 spitita.'
348 1471 403 1532 Hie
433 1489 536 1552 neque
566 1473 675 1533 durare
704 1473 803 1554 neque
833 1469 970 1534 constitui
994 1475 1058 1534 sine
1080 1477 1239 1535 scolasticis
1261 1473 1469 1555 comeatibus,
1505 1479 1696 1538 et'bon'arum
1720 1480 1828 1537 artium
1851 1473 1967 1536 cultura
1989 1485 2105 1554 potesta

71 1563 251 1640 Quapropter
272 1559 349 1616 idcrh
367 1557 454 1617 Deus
475 1567 577 1618 noster
602 1562 690 1619 etiam
712 1555 816 1618 harum
840 1577 940 1618 euram
962 1573 1066 1637 geret,
1093 1573 1123 1620 et
1145 1561 1298 1640 perficiat,
1321 1573 1353 1622 ut
1375 1563 1487 1643 aliquas
1510 1565 1597 1623 sedes
1618 1565 1764 1640 habeant,
1786 1563 1817 1621 iu
1840 1555 1944 1640 quibus
1968 1561 2106 1639 exerceri

72 1659 150 1728 atque
170 1643 292 1718 tractari
312 1645 435 1722 possint.
484 1644 562 1702 Nam
585 1645 702 1725 siquid
725 1655 772 1703 est
794 1645 854 1706 ritil
875 1645 904 1702 in
927 1663 978 1722 re,
1006 1643 1055 1704 vel
1077 1647 1101 1705 si
1124 1648 1173 1726 qui
1195 1648 1273 1706 docti
1294 1660 1345 1708 aut
1365 1669 1383 1710 a
1405 1651 1571 1728 cognitione
1594 1650 1759 1709 ethonore
1782 1644 1839 1707 Dei
1863 1663 1929 1706 sese
1952 1648 2103 1722 avertunt,

72 1747 115 1792 ant
134 1731 171 1792 ad
191 1731 346 1789 veritatem
376 1727 603 1809 oppugnandam
630 1740 825 1808 convertunt,
855 1729 894 1790 de
924 1730 959 1788 iis
988 1730 1125 1790 indiciam
1154 1734 1355 1811 relinquamus
1384 1729 1432 1816 τῷ
1459 1727 1563 1819 μόνιρ1
1583 1724 1710 1816 dtqcot
1739 1727 1850 1821 κριτῇ,
1884 1749 1974 1810 quem
2001 1747 2104 1810 neque

72 1817 142 1878 irem
161 1815 252 1875 ullius
273 1813 506 1894 tallere'neque
527 1815 697 1893 improbitas
720 1813 856 1894 effugere
877 1812 1004 1893 poterit,
1040 1829 1170 1876 nostrum
1202 1817 1272 1878 rer'o
1301 1818 1427 1902 quisque
1454 1821 1548 1881 veluti
1575 1822 1606 1879 in
1634 1822 1697 1880 acie
1719 1837 1753 1878 ac
1775 1820 1877 1879 eastris
1899 1835 1982 1876 sunm
2006 1819 2104 1875 locum

74 1915 163 1962 teneat
184 1911 213 1960 et
235 1908 401 1979 exequatur
422 1915 529 1959 munus
550 1921 645 1960 snum.
689 1899 802 1962 Omnes
825 1913 924 1960 antem
946 1919 999 1978 spc
1020 1911 1103 1962 certa
1124 1923 1178 1962 nos
1200 1913 1399 1964 sustentemus
1420 1905 1526 1965 amona
1547 1905 1605 1966 Dei
1626 1913 1699 1984 erga
1720 1924 1790 1984 nos,
1811 1913 1936 1986 propter
1953 1899 2105 1960 Christum

74 1991 116 2068 qni
135 1989 214 2046 venit
233 1989 264 2044 in
288 1987 367 2044 hunc
388 1985 546 2061 mundum,
576 1999 609 2045 ut
630 1985 778 2048 deformes
798 1987 929 2064 peccatis
951 1999 982 2044 et
1004 1987 1165 2048 sceleribus
1192 1991 1321 2070 pollutos
1343 2002 1375 2050 et
1397 1989 1514 2070 flagitiis
1536 1990 1701 2070 inquinatos
1723 1991 1860 2050 ablueret
1882 1999 1913 2046 et
1935 1985 2103 2046 mundaret.

73 2073 202 2132 lnhuins
217 2073 313 2152 'igitur
335 2069 415 2147 fide,
444 2061 528 2147 ssia,''
543 2088 631 2150 quam
654 2071 732 2150 dini,
759 2089 814 2149 spe
835 2091 889 2130 nos
912 2073 1098 2130 consolemur
1121 2085 1156 2132 et
1174 2077 1310 2152 precibus
1335 2076 1534 2136 incumbamus
1556 2079 1726 2140 invocantes
1748 2096 1835 2157 opem
1856 2073 1913 2133 Dei
1937 2069 2044 2147 nostri,
2073 2072 2103 2130 in

73 2158 112 2216 his
127 2157 329 2233 'communibus
352 2156 441 2217 tahtis'
462 2151 586 2215 sabellis
608 2168 638 2216 et
659 2159 807 2216 aerumnis
826 2158 957 2238 propriis
979 2159 1096 2217 nostris.
1138 2158 1331 2237 Nequaquam
1350 2156 1453 2220 'autem
1477 2163 1679 2224 existimemus
1700 2164 1729 2220 in
1753 2160 1915 2222 studiorum
1937 2168 2103 2218 nostrornm

74 2241 304 2303 etiam'ehosdiis
325 2255 362 2300 et·
378 2243 487 2320 primis*
500 2244 658 2301 elementis
680 2245 807 2318 versari,
835 2252 888 2301 ant
909 2241 973 2300 Deo
994 2243 1093 2301 minus
1114 2253 1228 2320 granna
1248 2256 1299 2303 aut
1320 2241 1403 2304 nobis
1424 2245 1611 2309 inhonestum
1636 2265 1714 2306 esse.
1763 2247 1824 2303 lmo
1846 2246 1921 2302 haec
1941 2245 2007 2322 ipsa
2031 2242 2103 2300 inn-

72 2331 203 2388 damenta
223 2329 352 2387 fideliter
375 2340 407 2388 et
428 2327 565 2387 accurate
582 2325 779 2404 collocemus,
813 2344 905 2405 super
927 2327 1032 2406 quibus
1055 2327 1213 2408 aliquando
1238 2321 1546 2408 aedilicia'pnieeiara
1569 2332 1719 2390 doetrinae
1742 2341 1934 2404 extruantur,
1972 2338 2006 2387 nt
2026 2331 2104 2406 puer

72 2415 159 2493 possit
178 2411 555 2492 perdiscere-ea,.qnibns
576 2405 655 2492 psa*
672 2403 792 2489 ’ὂλίνορ
813 2402 896 2492 ἀνὴρ
917 2406 1100 2489 γενόμενος
1121 2404 1236 2489 utatur,
1265 2421 1323 2473 neb
1339 2417 1479 2494 requirat
1498 2411 1632 2490 tam,⁵*ut
1654 2415 1893 2490 mattiscensis,
1916 2414 2000 2491 quasi
2020 2405 2103 2491 ἐφό-

72 2493 144 2560 διον
162 2499 308 2557 doctrino
328 2517 395 2558 eum
417 2501 446 2556 in
469 2495 649 2558 medioiam
678 2501 788 2558 itinere
816 2500 994 2558 versabitur.
1051 2499 1155 2576 ltaque
1182 2513 1282 2578 neque
1310 2519 1358 2559 me
1386 2501 1639 2579 piguit'ptrerilia
1665 2500 1763 2560 studia
1791 2503 1880 2558 edam
1908 2497 2110 2576 grammaticis

71 2583 518 2664 praeceptiuuculisinstrnere,
546 2601 645 2662 neque
664 2584 747 2642 illins
763 2601 874 2662 operae
896 2584 999 2662 pudet.
1038 2585 1111 2642 ¹Tibi
1132 2583 1251 2661 qnidam
1280 2603 1335 2664 ago
1365 2587 1491 2663 gratias,
1524 2603 1590 2646 enm
1620 2605 1701 2645 meos
1730 2586 1849 2645 libellos
1870 2585 1920 2642 edi
1941 2595 2041 2659 curas,
2068 2591 2105 2639 ea

71 2671 269 2729 dexteritatem
288 2669 505 2747 Chalcographi
525 2671 616 2729 rostri
639 2682 688 2728 tua
709 2668 853 2729 industria
877 2669 1007 2732 adiuvas.
1055 2669 1163 2747 Neque
1184 2669 1343 2728 admodum
1365 2672 1481 2747 laboro,
1518 2683 1616 2730 urrann
1637 2671 1744 2732 iudicis
1765 2688 1837 2730 vero
1858 2687 1897 2728 an
1919 2669 2103 2728 mession-

71 2759 106 2816 tia
127 2766 236 2816 tantum
257 2755 332 2814 mihi
351 2755 482 2829 tribuas„
498 2773 603 2834 neque
624 2754 722 2816 insila.
736 2755 859 2831 dixero,
881 2758 1145 2816 utrammeiorem
1167 2756 1237 2814 mihi
1259 2755 1439 2834 voluptatem
1459 2757 1620 2817 allaturum
1642 2773 1708 2816 esse
1729 2756 1875 2816 videamr.
1919 2753 2103 2831 hagistiam

71 2859 157 2920 saper
178 2841 335 2918 epistolam
358 2852 456 2916 tuam,
491 2855 579 2918 quam
602 2839 703 2901 libello
725 2853 827 2900 nostro
848 2839 1062 2900 Grammatiees
1082 2840 1218 2899 Graecae
1240 2844 1385 2920 praeponi
1401 2842 1543 2918 ¹voluisti,
1573 2844 1714 2922 usercam
1733 2841 1888 2920 perbelle,
1918 2851 2013 2916 atque
2031 2835 2106 2902 milei

71 2927 284 3004 saldepiacuit
305 2927 465 2986 voluntatis
487 2937 556 2986 tuae
578 2927 742 2986 constantia
757 2941 835 3002 ¹erga
855 2924 934 2984 hano
955 2937 1088 3004 partem,
1111 2943 1188 3003 quac
1209 2929 1406 2986 contemnitur
1428 2939 1459 2988 et
1482 2931 1566 3006 parsi
1591 2929 1625 2986 dt
1645 2945 1666 2987 a
1684 2928 1833 3005 plurimis,
1855 2926 1961 2984 'Nune
1982 2923 2106 3001 quiden

71 3013 141 3091 qnod
160 3013 238 3092 petis
260 3022 293 3071 ut
315 3013 460 3090 obsequar
481 3010 627 3070 desiderio
648 3012 746 3088 Papae
768 3023 799 3070 et
822 3011 873 3069 tibi
895 3012 1061 3089 gratificer,
1097 3013 1126 3068 in
1150 3019 1185 3069 ao
1206 3025 1241 3070 et
1263 3012 1390 3072 lirantes
1413 3024 1444 3072 et
1465 3014 1575 3092 cupide
1596 3030 1709 3076 morem
1731 3013 1784 3071 tibi
1804 3026 1924 3090 geram,
1951 3011 2009 3068 imo
2031 3025 2104 3087 per·

71 3099 145 3158 mitto
167 3108 265 3157 restro
286 3097 407 3157 arbitrio
430 3106 521 3155 totam
546 3096 705 3156 editionem
729 3095 823 3156 libelli
844 3098 920 3175 mei,
947 3097 987 3156 de
1010 3116 1067 3174 quo
1090 3097 1230 3176 quicquid
1251 3100 1386 3176 egeritis,
1423 3098 1454 3156 id
1482 3099 1594 3178 recipio
1622 3115 1670 3158 me
1700 3109 1796 3156 ratum
1819 3098 1996 3173 firmumque
2018 3093 2104 3152 hahi-

71 3196 178 3258 turum,
205 3184 254 3242 vel
275 3185 383 3262 etiam,
414 3193 446 3242 ut
468 3169 707 3263 ἁπλούστερον
727 3182 838 3258 dicam,
867 3191 1101 3260 magnopere'et
1121 3199 1178 3259 per
1198 3185 1295 3242 omnia
1324 3187 1514 3262 probaturum
1545 3201 1622 3244 esse.
1679 3185 1721 3241 Ac
1750 3201 1799 3241 me
1828 3201 1894 3240 cum
1922 3180 1978 3238 hoc
2006 3178 2103 3238 studio

73 3279 160 3328 restro
181 3269 280 3328 ornari
301 3278 431 3342 constet,
462 3267 540 3345 qnod
563 3278 624 3326 tam
645 3269 757 3328 solicite
781 3280 901 3345 peteres
929 3259 1044 3326 reuian's
1072 3269 1211 3326 editionis
1239 3266 1315 3325 nihil
1344 3280 1421 3328 erat.
1456 3271 1522 3347 quis
1550 3272 1628 3328 euim
1653 3281 1724 3346 vest,
1759 3270 1808 3347 qui
1837 3268 1931 3326 soleat
1958 3262 2103 3340 refragari

71 3355 165 3413 honori
193 3350 269 3414 snei
306 3347 418 3414 ἔνεστι
443 3347 509 3435 γὰρ
538 3345 579 3434 dq*
607 3341 671 3412 sev
699 3349 797 3421 θεῶν
823 3350 915 3427 γένει
942 3345 1038 3426 τόδε,
1069 3345 1255 3430 τιμώμενοι
1273 3349 1446 3433 χαίρουσι,
1483 3355 1644 3412 secundnm
1660 3347 1826 3432 -osqmev
1848 3343 2046 3432 φιλόσοφον
2062 3345 2104 3424 *b

73 3439 125 3498 Sed
151 3440 192 3500 de
216 3440 264 3499 his
297 3442 376 3498 satis.
425 3439 536 3518 Soripii
562 3451 663 3498 autem
693 3449 724 3498 et
743 3439 860 3516 Papae,
898 3448 930 3498 ut
961 3439 1111 3498 cumulate
1136 3437 1339 3498 satisfacerem
1368 3439 1512 3496 volantati
1541 3449 1666 3498 ammae.
1713 3439 1812 3496 Etiam
1841 3437 2029 3510 dubitabam,
2063 3449 2103 3490 an

73 3539 263 3604 perreatmae
292 3535 393 3584 essem
420 3526 495 3584 istoc
522 3525 628 3588 literae
656 3539 742 3584 meae
769 3531 840 3582 aste
867 3525 1075 3590 discessionem
1105 3535 1202 3599 tuam,
1240 3525 1297 3583 etsi
1325 3539 1407 3584 eram
1423 3525 1459 3581 in
1482 3538 1518 3581 aa
1540 3525 1733 3602 opinione'te
1752 3524 1872 3581 omnino
1893 3517 2103 3581 Ballorbodum

72 3625 307 3688 expectaturum,
328 3627 428 3689 neque
449 3612 513 3670 sine
536 3611 587 3670 illo
611 3612 657 3670 rel
678 3610 770 3683 duce,
794 3609 841 3667 rei
863 3610 969 3668 comite
989 3611 1048 3670 iter
1069 3609 1148 3669 istud
1169 3599 1369 3688 ingressuram
1392 3625 1473 3684 esse,
1502 3609 1550 3667 ad'
1563 3609 1784 3687 quodquidam
1805 3607 1883 3685 qnod
1906 3605 2028 3678 attinet,
2049 3621 2104 3659 cu·

71 3697 115 3774 pio
133 3711 162 3760 te
185 3697 315 3758 feliciter
337 3695 389 3754 illo
411 3695 547 3756 coniecto
569 3714 655 3776 qnam
678 3697 805 3774 primurn
828 3694 928 3754 redire
949 3695 988 3754 ad
1010 3705 1091 3770 tuos,
1120 3693 1177 3773 ναὶ
1196 3689 1285 3776 ,πρὸς
1306 3690 1366 3776 τὴν
1388 3689 1615 3778 exsistentis
1635 3689 1873 3774 παλαίστραν,
1901 3691 1984 3750 euius
2004 3687 2103 3750 hurni-

69 3783 145 3844 litate
165 3795 195 3843 et
218 3783 348 3862 pulvere
371 3783 429 3840 seio
451 3799 551 3862 neque
573 3783 785 3862 praestantiam
807 3797 905 3858 nequa
928 3781 1117 3859 splendorem
1141 3777 1232 3836 ullum
1263 3799 1329 3839 esse
1358 3784 1502 3860 potiorem
1530 3771 1719 3854 animotuo,
1777 3781 1858 3838 Deus
1879 3771 2105 3862 pater'Domini

70 3872 152 3928 nostri
173 3871 241 3930 lesu
264 3866 377 3927 Christi
396 3878 427 3926 te
449 3867 603 3928 custodiat.
645 3867 731 3928 Vale.
774 3867 871 3925 Tuam
891 3865 1034 3924 familiam
1056 3867 1222 3924 universam
1245 3875 1380 3925 amanter
1401 3867 1505 3924 saluto.
1557 3865 1662 3924 Comes
1690 3865 1849 3925 nosterin
1877 3862 1974 3921 animo
1995 3859 2104 3918 habeat

70 3957 237 4016 essentiam
259 3953 494 4032 aristotelicam,
529 3941 581 4013 ὅτι
604 3939 827 4037 διδιαφέραν
855 3944 978 4030 ἐξόχως
998 3941 1102 4038 ἀρετῇ
1122 3945 1192 4011 τῶν
1212 3941 1347 4032 ἄλλων,
1382 3949 1478 4015 ἐστὶν
1499 3937 1611 4036 ὥςπερ
1633 3945 1718 4021 θεὸς
1740 3947 1778 4014 ἐν
1800 3939 2019 4031 ἀνθρώποις,
2045 3961 2104 4021 quo

68 4043 152 4118 αιρὶι
171 4051 252 4100 amet
275 4033 459 4116 disciplham
480 4048 512 4098 et
534 4039 644 4117 gratias
664 4037 838 4118 ¹aigatheo,
859 4054 925 4096 cam
947 4037 1062 4115 copiam
1082 4039 1139 4114 ipsi
1160 4035 1233 4094 iecit
1254 4035 1418 4115 evadendi,
1433 4034 1436 4043 '
1452 4031 1502 4108 εἰς
1516 4034 1612 4111 ’ζαῗον
1632 4031 1834 4113 θειότατον,
1858 4027 2001 4111 'anxiam
2023 4045 2105 4088 παι·

69 4117 156 4196 (λείας
176 4118 299 4209 ὀρθῆς,
328 4133 362 4184 ot
383 4125 424 4184 ait
444 4123 599 4206 merset).
643 4121 855 4183 lterdm'talc.
887 4123 1037 4198 X'RCal·
1061 4117 1254 4200 Novembris,
1280 4123 1311 4182 l'd
1334 4134 1395 4200 est,
1417 4125 1519 4181 altero.
1534 4125 1584 4183 die
1606 4134 1762 4203 postquam
1784 4135 1849 4181 tuas
1869 4127 2053 4194 acceperam.

239 4293 427 4377 Philippeo
449 4289 691 4355 Meloaoitlsoss
712 4289 847 4354 λοιιιιιο
874 4287 957 4354 Viro
973 4287 1163 4392 ,Valentino
1184 4288 1306 4371 Papae
1330 4230 1592 4371 Cisslcogrisiriss¹
1610 4285 1790 4397 (repressat,
1812 4283 1940 4386 -8.1).Ι

190 4414 374 4497 significarit
397 4416 467 4474 mihi
491 4415 652 4475 loacbimus
672 4415 875 4491 Camerarius,
913 4395 1060 4472 cut'tn'am
1091 4400 1260 4496 diligentiae
1288 4426 1320 4474 et
1349 4417 1510 4474 industriae
1540 4430 1661 4491 operam
1693 4411 1782 4474 valde
1808 4408 1928 4496 pqobari
1957 4405 2105 4480 intellexi,

65 4501 107 4560 'l'e
130 4521 242 4586 cupere
263 4501 319 4580 hoc
342 4512 477 4581 tempore
500 4503 637 4560 emittere
659 4502 689 4559 in
717 4499 835 4558 officina
864 4513 917 4560 tua
946 4496 1125 4556 elaboratum
1156 4497 1290 4568 libellum
1310 4498 1529 4563 Grammaticos
1549 4497 1678 4558 Latinae
1709 4515 1827 4574 meum,
1863 4497 1902 4553 ita
1932 4491 2053 4571 quidem
2081 4489 2105 4547 si

66 4585 117 4645 hoc
137 4589 210 4648 milri
231 4607 290 4646 non
313 4588 490 4648 contrarium
513 4587 644 4646 laturum
666 4587 713 4646 sit.
757 4585 821 4669 Ego
844 4601 931 4658 sero,
968 4583 1023 4643 etsi
1044 4603 1098 4663 pro
1121 4602 1158 4643 ea
1178 4583 1319 4661 amicitia,
1355 4605 1433 4666 quae
1461 4583 1533 4644 mila
1560 4588 1628 4668 eum
1652 4579 1796 4644 loachimo
1825 4595 1869 4642 tot
1897 4579 1981 4640 ansuis
2009 4579 2105 4634 iater-

66 4673 157 4751 cedit,
187 4674 328 4754 quicquid
351 4673 390 4732 de
412 4670 493 4731 iliius
515 4673 634 4732 consilio
655 4673 794 4754 fecisses,
822 4671 938 4730 sueram
961 4669 1429 4753 comprobaturus,‚tua1tameu
1459 4669 1661 4730 moderatione
1680 4689 1757 4750 ausu¹
1777 4669 1957 4728 delectatus:
1995 4663 2104 4756 Neque

66 4757 113 4816 tihi
133 4760 231 4818 solnm
253 4760 381 4821 libenter
402 4751 562 4838 permitto,
592 4769 624 4818 nt
645 4755 725 4818 hnnc
747 4758 882 4816 libellum
905 4758 1003 4814 meum
1024 4754 1113 4833 edas,
1139 4754 1192 4815 sed
1213 4744 1373 4822 cnm'alios
1396 4757 1559 4838 messiam
1582 4757 1639 4818 tuis
1661 4756 1749 4838 typis„x
1758 4750 1953 4832 expressisti,
1975 4765 2030 4824 ego
2053 4743 2105 4802 lib!

64 4847 187 4921 gratias,
215 4855 307 4922 atque
328 4845 352 4902 si
374 4856 479 4923 potero
500 4845 640 4904 adiurare
660 4854 780 4903 conatus
802 4853 884 4921 tuos,
912 4859 971 4899 non
993 4841 1090 4918 patiar
1113 4839 1221 4920 'requiri
1244 4833 1504 4920 studium'meum.
1557 4843 1634 4910 Quin
1658 4843 1747 4900 etiarn
1770 4837 1951 4917 prooemium
1974 4851 2032 4890 non
2056 4844 2106 4886 re·

64 4931 240 4990 conensem
263 4931 412 5006 sos-ibere,
439 4931 464 4990 si
485 4929 638 5008 paululans
661 4929 747 4988 modo
769 4923 1099 5006 orii'suppeditarisset.
1152 4928 1227 4986 Nam
1254 4941 1316 5005 ego
1343 4928 1398 4986 hoc
1426 4937 1564 5006 tempore
1594 4925 1730 5010 graslhps
1761 4936 1791 4984 et
1820 4921 1949 4979 molestis
1978 4914 2106 5002 negotiis

63 5031 123 5073 sum
147 5016 400 5094 occeperissimos.
443 5015 541 5074 Velim
564 5033 582 5073 a
605 5013 881 5092 loaohiasoaiiqnid
903 5013 1000 5073 scribis
1043 5011 1108 5071 Sed
1127 5013 1167 5072 de
1189 5012 1234 5072 bis
1255 5028 1307 5072 sos
1321 5017 1482 5092 statncths',
1513 5009 1651 5093 quioquid
1674 5024 1772 5071 aurens
1794 5005 1950 5085 feceritis,
1978 4999 2109 5060 income

64 5119 118 5158 non
141 5103 239 5160 solam
263 5103 472 5183 probaturam,
500 5101 554 5160 sed
576 5112 691 5178 gratum
714 5102 803 5159 etiam
823 5113 856 5158 et
876 5111 1031 5176 acceptura
1054 5093 1221 5158 habitarum
1245 5115 1311 5157 esse
1329 5101 1493 5220 polliceor,
1527 5083 1862 5210 Vale'nlqu‘Caiend·
1886 5082 2110 5214 Norerabrisqq.

97 5441 131 5501 *l
150 5441 277 5506 trenta.
297 5443 405 5506 Hippoi.
422 5442 449 5493 8.

96 5543 150 5610 tt>
170 5543 544 5608 consenescentem.
570 5541 655 5607 (aar.
674 5541 723 5593 aa.
743 5543 776 5593 a.
795 5529 970 5607 sesua-'rot
983 5515 1227 5604 infirmae,
1262 5515 1305 5560 :·.
1330 5548 1334 5560 .
1392 5529 1412 5552 .·
1446 5530 1450 5544 ·
1540 5525 1548 5549 ,
