4920 5956
132 259 137 268 '
259 248 338 332 tlt
890 251 1662 337 mntrauunra1.tt)=v01.1.;t-'-x.

262 731 550 816 intercalatione,
565 753 636 827 qna
652 731 782 826 (priato
796 757 941 828 quoque
954 756 1054 808 anno
1070 757 1165 806 unus
1181 736 1256 807 dies
1305 749 1449 830 tempus
1467 729 1553 812 anri
1569 738 1656 812 ittud
1677 739 1821 824 tuerit..

261 833 411 932 reliquis
431 834 605 908 uocantis*
620 834 882 928 quinquaginta
900 848 1061 930 quatuor
1073 838 1256 910 insereba-
1306 839 1416 912 bitur.
1538 882 1542 895 ·

259 952 339 1022 ter,
365 948 406 1008 ut
425 946 523 1010 nunc
545 937 637 1008 solet
655 937 735 1009 beri
753 939 798 1006 ad
815 937 1028 1030 explendum
1046 947 1182 1012 samm
1197 965 1256 1012 so-

260 1041 394 1124 larem,
421 1051 461 1110 ut
479 1052 651 1112 maneant
672 1039 898 1134 aequinoctia
923 1054 960 1113 et
973 1043 1123 1121 solstitia
1140 1043 1179 1114 in
1194 1043 1255 1116 iis-

260 1146 342 1215 dem
359 1141 461 1240 quasi
477 1140 646 1234 vestigiis.
697 1139 748 1213 lta
772 1141 824 1211 illi
840 1139 936 1214 hunc
957 1145 1051 1219 diem
1067 1145 1252 1218 subactum

260 1271 304 1321 ex
317 1256 474 1340 quatuor
488 1243 750 1339 quadrantibus
763 1243 849 1331 diei,
860 1243 987 1343 quinto
1000 1273 1144 1347 quoque
1157 1272 1253 1320 anno

259 1446 335 1522 dics
356 1449 488 1521 mensis
504 1473 645 1542 semper
668 1449 905 1524 incurrerent.

364 1546 442 1628 Hoc
482 1574 611 1646 genere
642 1575 838 1624 annorum·
859 1551 1097 1650 antiquissimi
1134 1567 1253 1652 patres

252 1651 369 1730 'etiam
388 1668 470 1726 ante
486 1653 660 1727 diluvium
679 1653 795 1750 (quod
810 1680 853 1727 ex
868 1649 1018 1730 historia
1037 1653 1164 1730 Nohae
1181 1645 1252 1728 col-

260 1759 323 1855 ligi
347 1749 502 1856 potest),
533 1758 663 1828 deinde
673 1757 718 1855 ¹⁰)
744 1757 904 1850 ipsorum
929 1761 1085 1852 posteri,
1117 1757 1252 1844 ludaei,

207 1911 210 1918 ·
260 1887 402 1956 semper
426 1861 480 1934 usi
502 1873 605 1945 sunt,
632 1863 728 1932 unde
751 1863 874 1932 eadem
901 1863 988 1933 anni
1009 1863 1103 1933 ratio
1119 1884 1251 1956 propa·

257 1978 340 2063 gata
358 1976 410 2037 est
424 1987 488 2056 per
502 1961 637 2036 vicinas
657 1976 779 2056 gentes
802 1966 847 2035 ad
865 1964 1022 2038 Graecos
1039 1989 1203 2061 quoque,
1230 1990 1249 2036 a

259 2067 389 2164 quibus
428 2089 506 2136 eam
541 2063 699 2136 Romani
731 2067 887 2139 mutuati
925 2067 988 2139 diu
1020 2080 1251 2160 usurparunt,

2178 263 2181 268 ’
2213 261 2301 342 Sti

106 508 108 520 1
258 427 328 498 ltus
342 421 538 518 quotannis
555 421 1131 520 addit,omittabentur,prspter
1147 440 1256 522 maen
1305 429 1376 500 bus
1398 431 1560 522 praecise
1577 432 1830 528 reapondqoet.
1880 430 2212 522 eunucus-igitur
2228 455 2300 518 ,nos

260 529 440 600 Mestum
456 524 657 609 accidebat,
682 526 923 600 utnovilunis
939 553 1025 602 cun
1038 529 1166 622 primis
1181 529 1256 602 die
1273 609 1275 616 ,
1305 555 1384 604 esse
1399 533 1521 618 dnn,
1540 533 1573 607 si
1592 547 1774 630 metroque
1794 557 1936 610 meuses
1952 531 2198 614 memnona
2214 558 2299 612 oon·

258 633 329 704 hm
351 628 530 706 meadum
553 652 629 700 non
652 637 911 720 congesserant,
938 630 1009 702 tuit
1030 657 1121 725 opus
1144 632 1255 704 altera
1306 647 1529 726 promunt
1551 637 1809 732 aliquomodo
1835 635 2027 713 aestimare
2051 635 2182 720 liccat,
2200 639 2300 732 quod

1828 759 1908 834 qno
1925 763 1984 814 ree
2001 750 2097 830 enta
2124 762 2199 820 esse
2212 737 2300 820 scri-

1510 973 1573 1045 De·
1607 976 1835 1048 mensibus
1867 973 2099 1046 Sbraic'is.

1408 1107 1456 1178 Et
1478 1120 1519 1179 ut
1533 1109 1690 1202 primum
1713 1110 1757 1180 de
1780 1107 1943 1181 Ebraicis
1964 1100 2146 1181 mensibus
2167 1090 2298 1194 dicam,

1305 1211 1455 1283 nomina
1471 1235 1596 1284 eorum
1618 1225 1656 1283 et
1679 1212 1843 1309 ordinem
1863 1212 1955 1284 scire
1979 1222 2141 1322 oportet,
2166 1224 2208 1284 ut
2222 1235 2296 1284 uno

258 1349 388 1431 ultimo
410 1347 525 1418 mensi
542 1345 768 1431 inserebant,
793 1360 835 1418 ut
855 1351 1040 1422 novilunia
1062 1349 1099 1430 in
1117 1349 1254 1446 primos
1306 1316 1578 1434 ³⁶ff⁰m¹¹¹⁰d³l⁰
1602 1317 1647 1384 ad
1660 1313 1838 1434 [ultanum
1854 1313 2009 1410 ”liquem
2026 1314 2297 1435 ln‘fmmfflll'

1056 1430 1061 1447 ·
1306 1442 1369 1512 qur
1393 1430 1537 1508 postea,
1564 1442 1630 1490 suo
1661 1441 1811 1514 quisque
1840 1417 1940 1502 loco,
1970 1416 2117 1513 reliquas
2148 1412 2295 1525 Iuliano

1305 1518 1423 1612 aptari
1439 1519 1588 1614 possint.

1407 1619 1558 1694 Constat
1587 1633 1706 1694 autem
1730 1647 1772 1692 ex
1793 1619 1940 1692 Biblicis
1967 1617 2128 1714 scriptis,
2157 1645 2295 1692 menses
2367 1627 2372 1634 '

1303 1747 1366 1795 seu
1400 1725 1604 1796 lunationes
1632 1723 1856 1796 Ebraeorum
1897 1747 1973 1792 non
2012 1716 2178 1794 habuisse
2203 1714 2295 1793 baec

1302 1825 1475 1911 nomina,
1507 1851 1600 1921 quae
1623 1851 1720 1900 nunc
1742 1838 1992 1910 recensentur,
2034 1837 2117 1897 ante
2146 1826 2294 1896 'exilium

1301 1925 1580 2021 Babylonicum,
1606 1943 1749 2022 praeter
1772 1929 1968 2000 admodum
1990 1923 2207 2024 paucos¹'),
2232 1929 2293 1999 sed

1302 2031 1462 2102 numeris
1482 2032 1556 2103 iere
1580 2044 1721 2104 tantum
1744 2031 1850 2106 fuisse
1877 2029 2064 2102 iudicatos.
2116 2029 2186 2101 Sed
2202 2042 2292 2124 ‚post

257 2173 373 2244 donec
398 2181 437 2240 u,
455 2167 563 2240 nimis
585 2193 797 2261 operosam,
823 2183 859 2239 a
880 2170 1016 2240 malitia
1039 2169 1249 2263 pontificum
1302 2133 1544 2251 captivitatem
1568 2135 1702 2206 reversi
1726 2132 1870 2219 ludaei,
1901 2129 2168 2218 baecnomina
2194 2157 2293 2202 men-

143 2331 148 2344 ,
258 2285 466 2366 corruptam
482 2284 516 2341 21
532 2273 805 2356 conturbatam,
827 2273 985 2366 neglecta
1008 2272 1161 2356 dqufius’
1189 2286 1251 2346 au,
1300 2259 1393 2308 saum
1409 2260 1429 2306 a
1446 2232 1634 2310 Chaldaeis
1650 2237 1869 2322 retulerunt,
1890 2250 1931 2308 ut
1945 2234 2085 2329 primus
2098 2235 2294 2305 diceretur:

259 2372 507 2468 intempestive
530 2388 700 2466 usurpata
719 2375 1009 2460 intercalatione,
1034 2371 1144 2447 lulius
1161 2374 1251 2447 Cae-

258 2504 317 2554 sar
340 2475 514 2560 correxit,
547 2490 582 2546 et
609 2477 764 2547 mutavit
786 2477 823 2546 in
850 2472 944 2548 banc
966 2477 1054 2548 anni
1081 2477 1250 2562 sormam,

258 2605 351 2678 quae
366 2580 403 2650 in
418 2575 634 2650 hodiernum
651 2604 764 2677 usque
780 2580 876 2652 diem
892 2583 1011 2651 durat.

359 2676 579 2754 Inchoarunt
612 2696 731 2754 autem
756 2681 886 2754 Ebraci
919 2707 1053 2753 anniam
1075 2708 1178 2754 suum
1204 2681 1249 2751 ab

256 2785 486 2880 aequinoctio
507 2809 638 2870 verno,
679 2785 769 2856 sicut
788 2779 1023 2858 Athenienses
1051 2809 1070 2854 a
1097 2782 1249 2856 solstitio

246 2889 412 2972 'aestivo,
445 2885 604 2956 Romani
626 2911 645 2955 a
669 2889 818 2972 bruma,
842 2887 1060 2970 secatione,
1086 2899 1126 2958 ut
1148 2886 1250 2956 novi·

248 2980 415 3074 lunium,
437 2989 534 3084 quod
551 2989 755 3082 proximum
779 3001 869 3061 esset
891 2986 947 3060 his
968 2988 1151 3073 terminis,
1182 2987 1249 3056 ini-

257 3095 347 3165 tium
361 3091 471 3186 primi
486 3087 619 3164 mensis
635 3092 720 3161 anni
739 3091 894 3164 afferret.
945 3089 1015 3162 Sed
1032 3091 1091 3160 illa
1106 3103 1161 3160 tot
1176 3089 1249 3159 die-

246 3221 340 3267 ·rum
378 3193 543 3281 omissio,
585 3190 725 3265 duobos
759 3194 969 3289 plerumque
1012 3195 1115 3265 annis
1142 3193 1249 3277 iacta,
1288 3253 1292 3262 .

1770 2371 1848 2461 W.

1361 2457 1546 2532 Secundus
1760 2474 1848 2555 mut

1361 2561 1508 2636 Tertius
1772 2577 1846 2668 ppo

1361 2663 1523 2757 Quartus
1756 2679 1842 2756 nm

1361 2765 1519 2859 Quintus
1791 2783 1850 2849 att

1360 2869 1487 2969 Sextus
1746 2851 1848 2978 lotis&

1359 2971 1540 3064 Septimus
1695 3010 1699 3019 ·
1740 2965 1847 3079 ''pipin‘'

1360 3071 1519 3146 om...
1689 3079 1846 3178 tamon.

1360 3177 1487 3250 Nonus

2000 2354 2126 2427 Nisan.

1999 2453 2082 2550 liar.

2000 2559 2123 2631 Sivan.

1998 2657 2172 2736 Thamna

2001 2765 2069 2838 Ab.

2001 2867 2095 2940 Elui.

1998 2966 2133 3044 Thisri.

1998 3069 2229 3148 Mathesvau.

2000 3176 2130 3248 Cisleu.

1695 3231 1697 3244 .
1731 3163 1846 3286 tw,

1756 3293 1843 3360 mn
1997 3278 2124 3353 Tebet.

1998 3381 2117 3454 Sebat.

1360 3279 1529 3352 Decimus
1622 3343 1629 3371 ,

257 3299 360 3369 initia
373 3297 552 3368 mensium
569 3299 693 3390 procul
711 3295 803 3368 ultra
822 3321 905 3368 suos
922 3310 1109 3378 consuetos
1127 3293 1250 3366 termi·
1796 3365 1811 3384 „
1830 3367 1844 3383 ,,

1360 3383 1580 3456 Undecimus
1748 3386 1846 3489 mili,

257 3427 325 3473 nos
347 3397 595 3486 abstrahebat,
627 3401 677 3471 ita
701 3409 742 3470 nt
763 3399 824 3469 fixi
846 3413 880 3469 et
904 3399 1087 3471 tertiasse
1111 3419 1249 3469 menses

257 3518 334 3574 nun
349 3515 495 3596 possent
515 3501 553 3571 in
575 3503 638 3573 tali
655 3526 771 3586 anno,
795 3515 1051 3601 coagmentata⁸
1067 3524 1109 3571 ex
1124 3499 1249 3570 Lunae
1360 3484 1603 3558 Dtlssdetlmffi
1764 3499 1845 3586 Ul!
1994 3485 2106 3558 Adar·

259 3619 294 3678 et
316 3605 410 3678 Solis
436 3605 606 3699 periodis.
659 3605 709 3676 Ut
728 3602 881 3697 exempli
901 3601 1025 3689 causa,
1049 3605 1079 3675 si
1105 3601 1247 3674 initium
1403 3605 1575 3676 Dicamus
1589 3603 1699 3696 igitur
1713 3603 1758 3674 de
1772 3602 1891 3696 primo
1905 3627 2027 3678 mense
2040 3605 2166 3690 Nisan,
2181 3631 2287 3702 φυεηι

259 3709 367 3801 primi
390 3707 541 3792 mensis,
565 3733 627 3780 sen
651 3708 809 3801 primum
837 3707 1064 3778 novilunium
1091 3705 1249 3776 Ebraeo·
1300 3725 1337 3782 et
1364 3707 1487 3794 ludaei
1513 3719 1692 3793 recentes,
1731 3705 1936 3801 etquidem
1962 3705 2043 3780 illos
2069 3708 2201 3792 secuti,
2233 3733 2289 3780 re·

260 3833 340 3882 rum
360 3811 481 3905 aliquo
504 3833 600 3880 anno
615 3812 738 3882 fuisset
758 3810 871 3880 indie
887 3809 1160 3904 aequinoctiali,
1186 3809 1248 3905 qui
1299 3815 1420 3885 serunt
1443 3814 1490 3882 ad
1513 3822 1676 3882 nostrum
1705 3807 1891 3900 Martium.
1944 3809 2015 3881 Sed
2047 3824 2188 3884 constat
2215 3813 2288 3904 pri-

256 3913 327 3984 fuit
343 3913 429 3982 olim
442 3912 630 3985 vicesimus
647 3911 941 4007 quintusMartii:
959 3935 1055 3983 anno
1067 3912 1248 4004 proximo,
1301 3941 1399 3988 nsum
1425 3937 1582 3986 mensem
1600 3912 1735 3984 dictum
1750 3935 1824 3984 esse
1847 3935 2005 3986 mensem
2021 3935 2199 3985 novarum
2215 3915 2289 3986 iru-

260 4026 410 4111 propter
419 4015 568 4087 omissos
581 4015 747 4086 undecim
763 4017 851 4100 dies,
862 4015 1054 4085 cedebatin
1070 4014 1246 4084 decimum
1299 4045 1404 4112 gum,
1426 4041 1492 4090 seu
1513 4015 1651 4110 spicae,
1684 4017 1783 4110 quod
1801 4027 1877 4086 tum
1904 4026 2036 4108 segetes
2057 4017 2287 4108 proterebant

261 4131 453 4216 quartum,
478 4118 691 4214 etsequenti
716 4141 833 4202 anno,
858 4131 1008 4210 propter
1032 4117 1181 4188 omissos
1198 4117 1249 4186 al·
1299 4123 1414 4216 spicas
1424 4119 1564 4212 plenas,
1581 4119 1675 4190 unde
1690 4117 1730 4188 in
1746 4117 1822 4209 lege
1837 4117 1945 4190 Moisi
1961 4119 2193 4191 constitutum
2208 4119 2289 4203 luit,

260 4221 539 4292 teros'undecim
554 4223 640 4306 dies,
656 4221 694 4290 in
714 4221 858 4290 tertium
875 4221 970 4291 diem
982 4217 1112 4290 Martii
1129 4217 1248 4290 ascen-
1298 4239 1340 4298 ut
1368 4224 1541 4318 postridie
1567 4221 1643 4293 eius
1672 4219 1831 4304 sabbati,
1867 4225 1963 4317 quod
1980 4221 2027 4291 .in
2050 4221 2285 4312 septimanam

242 4323 378 4397 'debat
414 4321 543 4394 Tertio
560 4347 677 4410 anno,
703 4325 767 4394 etsi
786 4349 827 4394 ex
843 4335 898 4393 ter
911 4323 1065 4396 collectis
1080 4325 1246 4393 undecim
1300 4329 1439 4400 dierum
1455 4348 1665 4422 azymorum
1682 4321 2192 4422 cadebat,(qunruminit‘orm
2207 4337 2287 4396 erat

259 4423 384 4497 diebus
401 4427 533 4498 mensis
550 4449 662 4511 unus,
688 4438 853 4498 constans
876 4451 918 4497 ex
940 4425 1085 4519 triginta
1111 4427 1247 4510 diebus,
1299 4431 1458 4503 decimus
1474 4430 1621 4526 quintus
1643 4425 1719 4499 dies
1737 4425 1844 4520 primi
1859 4429 2007 4520 mensis)
2019 4427 2211 4500 offerretur
2231 4453 2286 4500 sa-

258 4527 558 4614 intercalabatur,
590 4543 711 4599 tamen
734 4531 906 4602 reservati
926 4543 999 4602 tres
1021 4529 1095 4601 dies
1121 4529 1248 4599 efficie—
1299 4533 1502 4607 sffldotibus
1521 4533 1566 4602 ad
1581 4532 1753 4623 templum
1771 4529 1976 4622 manipulus
1990 4531 2190 4622 spicarum,
2207 4541 2287 4622 post

257 4631 367 4715 bant,
393 4641 432 4702 ut
447 4627 563 4702 adhuc
582 4633 704 4703 triduo
728 4644 810 4702 ante
828 4633 1094 4727 aequinoctium
1109 4631 1247 4726 primus
1300 4661 1407 4737 quem
1429 4635 1525 4705 diem
1550 4633 1679 4706 licebat
1701 4631 1831 4702 falcem
1851 4633 1890 4702 in
1912 4657 2064 4705 messem
2080 4632 2287 4716 immittere,
2404 4724 2407 4737 Ι

258 4732 389 4805 mensis
404 4733 491 4807 anni
504 4730 747 4819 inchoaretur,
768 4757 834 4804 ner
847 4735 982 4806 rediret
999 4737 1042 4805 ad
1056 4759 1160 4808 suum
1174 4747 1247 4807 ter·
1299 4744 1398 4839 qnod
1430 4750 1512 4809 ante
1540 4736 1641 4807 illum
1672 4734 1767 4806 diem
1795 4735 1912 4806 iacere
1943 4748 2022 4806 crat
2050 4731 2287 4830 prohibitum,

256 4835 418 4920 minino,
444 4849 527 4906 ante
543 4849 707 4908 octavum
725 4858 873 4910 annum.
1258 4837 1263 4848 ’
1298 4845 1394 4917 unde
1422 4855 1458 4913 et
1492 4841 1534 4910 in
1562 4839 1661 4910 libro
1684 4835 1810 4909 iosuae
1832 4837 1947 4930 capite
1970 4835 2007 4910 4.
2029 4851 2066 4909 st
2085 4833 2122 4911 S.
2148 4837 2287 4930 primus

359 4937 516 5032 Propter
533 4933 628 5010 hanc
641 4937 912 5013 instabilitatem
934 4941 1012 5012 fieri
1027 4965 1102 5012 non
1117 4953 1246 5035 potest,
1296 4946 1430 5019 mensis
1452 4954 1757 5033 vocaturtempus
1776 4941 1919 5024 messis,
1944 4943 2041 5036 quod
2064 4940 2103 5011 in
2128 4941 2190 5012 illo
2205 4965 2284 5012 coe-

207 5075 215 5097 x
257 5051 299 5112 ut
314 5061 453 5113 menses
467 5041 691 5115 Ebraeorum
716 5056 752 5114 et
765 5043 986 5115 Graecorum
1006 5045 1056 5114 ita
1079 5057 1248 5137 optentur
1298 5051 1392 5145 perit
1405 5046 1637 5136 ossifragam
1651 5043 1872 5136 importatis.

251 5141 605 5220 etlmemesiuliani
623 5145 726 5229 suni,
751 5146 890 5242 qutun
908 5159 1004 5232 sunt,
1027 5158 1069 5218 ut
1081 5148 1157 5220 dies
1165 5146 1246 5222 die·
1397 5151 1522 5245 Quare
1543 5146 1737 5219 verisimite
1759 5159 1828 5231 est,
1853 5167 2016 5218 messem
2037 5145 2194 5240 primum
2220 5145 2286 5218 ali-

1071 5290 1076 5300 ·
1148 5256 1152 5272 '
1297 5267 1435 5352 quomo
1459 5249 1630 5324 seriorem
1653 5247 1762 5322 [uim
1782 5262 1907 5321 nostro
1928 5247 2083 5334 unns,
2107 5247 2285 5344 siquidem

241 5361 342 5479 bie)
366 5351 919 5505 mammiano,
940 5420 1244 5514 rma.3m·so1u·
1298 5411 1503 5426 ·“’”“··““·

326 5482 417 5550 ntur)
434 5490 532 5551 mm
1329 5483 1676 5554 armantarmant
1693 5487 1827 5556 mn
1845 5483 2003 5552 aaran
2018 5485 2117 5542 aare
2133 5485 2158 5539 ι.
2173 5485 2287 5543 enat
