<?xml version="1.0" encoding="UTF-8"?>
<!DOCTYPE html PUBLIC "-//W3C//DTD XHTML 1.0 Transitional//EN"
    "http://www.w3.org/TR/xhtml1/DTD/xhtml1-transitional.dtd">
<html xmlns="http://www.w3.org/1999/xhtml" xml:lang="en" lang="en">
 <head>
  <title>
</title>
<meta http-equiv="Content-Type" content="text/html;charset=utf-8" />
  <meta name='ocr-system' content='tesseract 3.04.00' />
  <meta name='ocr-capabilities' content='ocr_page ocr_carea ocr_par ocr_line ocrx_word'/>
</head>
<body>
  <div class='ocr_page' id='page_1' title='image "./philippimelanth11bindgoog_0330.png"; bbox 0 0 4910 5964; ppageno 0'>
   <div class='ocr_carea' id='block_1_1' title="bbox 65 1383 2035 1552">
    <p class='ocr_par' dir='ltr' id='par_1_1' title="bbox 65 1383 2035 1552">
     <span class='ocr_line' id='line_1_1' title="bbox 65 1383 2035 1552; baseline 0.002 -32"><span class='ocrx_word' id='word_1_1' title='bbox 65 1401 72 1416; x_wconf 79' lang='grc'><em>’</em></span> <span class='ocrx_word' id='word_1_2' title='bbox 188 1435 226 1520; x_wconf 89' lang='lat'>1.</span> <span class='ocrx_word' id='word_1_3' title='bbox 286 1434 465 1522; x_wconf 76' lang='lat' dir='ltr'>eun.</span> <span class='ocrx_word' id='word_1_4' title='bbox 500 1433 657 1526; x_wconf 77' lang='lat' dir='ltr'>unt.</span> <span class='ocrx_word' id='word_1_5' title='bbox 693 1435 1122 1526; x_wconf 76' lang='lat' dir='ltr'>rutvtuuora</span> <span class='ocrx_word' id='word_1_6' title='bbox 1152 1436 1575 1527; x_wconf 69' lang='lat' dir='ltr'>acconense</span> <span class='ocrx_word' id='word_1_7' title='bbox 1608 1383 2035 1552; x_wconf 74' lang='lat' dir='ltr'>urrsruusrs&#39;.</span> 
     </span>
    </p>
   </div>
   <div class='ocr_carea' id='block_1_2' title="bbox 94 1645 2138 2126">
    <p class='ocr_par' dir='ltr' id='par_1_2' title="bbox 94 1645 2138 1788">
     <span class='ocr_line' id='line_1_2' title="bbox 94 1645 2138 1788; baseline 0.001 -26"><span class='ocrx_word' id='word_1_8' title='bbox 94 1645 201 1763; x_wconf 73' lang='lat' dir='ltr'>Haec</span> <span class='ocrx_word' id='word_1_9' title='bbox 224 1703 383 1781; x_wconf 83' lang='lat' dir='ltr'>Pririlegis</span> <span class='ocrx_word' id='word_1_10' title='bbox 403 1701 436 1767; x_wconf 88' lang='lat' dir='ltr'>b.</span> <span class='ocrx_word' id='word_1_11' title='bbox 458 1703 481 1764; x_wconf 90' lang='lat' dir='ltr'>l.</span> <span class='ocrx_word' id='word_1_12' title='bbox 504 1703 560 1764; x_wconf 90' lang='lat' dir='ltr'>edo</span> <span class='ocrx_word' id='word_1_13' title='bbox 582 1722 623 1763; x_wconf 82' lang='lat' dir='ltr'>ex</span> <span class='ocrx_word' id='word_1_14' title='bbox 643 1703 843 1766; x_wconf 75' lang='lat' dir='ltr'><strong>Bibliothecae</strong></span> <span class='ocrx_word' id='word_1_15' title='bbox 864 1705 1092 1785; x_wconf 81' lang='lat' dir='ltr'>Hsmburgensis</span> <span class='ocrx_word' id='word_1_16' title='bbox 1112 1707 1249 1788; x_wconf 87' lang='lat' dir='ltr'>publicae</span> <span class='ocrx_word' id='word_1_17' title='bbox 1271 1704 1372 1766; x_wconf 87' lang='lat' dir='ltr'>codice</span> <span class='ocrx_word' id='word_1_18' title='bbox 1403 1705 1497 1766; x_wconf 85' lang='lat' dir='ltr'>ebert.</span> <span class='ocrx_word' id='word_1_19' title='bbox 1526 1724 1607 1768; x_wconf 88' lang='lat' dir='ltr'>num.</span> <span class='ocrx_word' id='word_1_20' title='bbox 1629 1701 1683 1768; x_wconf 76' lang='lat'>2⁷.</span> <span class='ocrx_word' id='word_1_21' title='bbox 1711 1704 1827 1764; x_wconf 84' lang='lat' dir='ltr'>formae</span> <span class='ocrx_word' id='word_1_22' title='bbox 1856 1705 2003 1765; x_wconf 83' lang='lat' dir='ltr'>maximae</span> <span class='ocrx_word' id='word_1_23' title='bbox 2028 1699 2138 1784; x_wconf 79' lang='lat' dir='ltr'>(aot),</span> 
     </span>
    </p>

    <p class='ocr_par' dir='ltr' id='par_1_3' title="bbox 95 1785 2137 1874">
     <span class='ocr_line' id='line_1_3' title="bbox 95 1785 2137 1874; baseline 0.001 -27"><span class='ocrx_word' id='word_1_24' title='bbox 95 1790 143 1868; x_wconf 84' lang='lat' dir='ltr'>qui</span> <span class='ocrx_word' id='word_1_25' title='bbox 162 1801 283 1867; x_wconf 84' lang='lat' dir='ltr'>praeter</span> <span class='ocrx_word' id='word_1_26' title='bbox 304 1788 363 1848; x_wconf 86' lang='lat' dir='ltr'>aiis</span> <span class='ocrx_word' id='word_1_27' title='bbox 384 1789 528 1850; x_wconf 82' lang='lat' dir='ltr'>littersris</span> <span class='ocrx_word' id='word_1_28' title='bbox 550 1791 633 1849; x_wconf 78' lang='lat' dir='ltr'>veria</span> <span class='ocrx_word' id='word_1_29' title='bbox 653 1809 722 1870; x_wconf 80' lang='lat' dir='ltr'>pag.</span> <span class='ocrx_word' id='word_1_30' title='bbox 744 1787 899 1852; x_wconf 79' lang='grc'><strong>81-90.</strong></span> <span class='ocrx_word' id='word_1_31' title='bbox 922 1793 1071 1852; x_wconf 83' lang='lat' dir='ltr'>continet:</span> <span class='ocrx_word' id='word_1_32' title='bbox 1101 1788 1287 1874; x_wconf 66' lang='lat' dir='ltr'>„Pistspp</span> <span class='ocrx_word' id='word_1_33' title='bbox 1309 1787 1503 1872; x_wconf 78' lang='lat' dir='ltr'>Privilegio</span> <span class='ocrx_word' id='word_1_34' title='bbox 1525 1789 1732 1854; x_wconf 71' lang='lat' dir='ltr'>necdentes</span> <span class='ocrx_word' id='word_1_35' title='bbox 1753 1785 1988 1870; x_wconf 49' lang='lat' dir='ltr'>Lipsiensis!</span> <span class='ocrx_word' id='word_1_36' title='bbox 2034 1789 2137 1850; x_wconf 83' lang='lat' dir='ltr'>Prima</span> 
     </span>
    </p>

    <p class='ocr_par' dir='ltr' id='par_1_4' title="bbox 94 1871 2138 1959">
     <span class='ocr_line' id='line_1_4' title="bbox 94 1871 2138 1959; baseline -0 -23"><span class='ocrx_word' id='word_1_37' title='bbox 94 1875 199 1952; x_wconf 80' lang='lat' dir='ltr'>pagius</span> <span class='ocrx_word' id='word_1_38' title='bbox 212 1873 267 1936; x_wconf 85' lang='lat' dir='ltr'>et.</span> <span class='ocrx_word' id='word_1_39' title='bbox 289 1875 406 1934; x_wconf 80' lang='lat' dir='ltr'>sonuisi</span> <span class='ocrx_word' id='word_1_40' title='bbox 426 1874 505 1934; x_wconf 88' lang='lat' dir='ltr'>bunc</span> <span class='ocrx_word' id='word_1_41' title='bbox 526 1873 649 1936; x_wconf 76' lang='lat' dir='ltr'>exhibet</span> <span class='ocrx_word' id='word_1_42' title='bbox 669 1876 816 1955; x_wconf 86' lang='lat' dir='ltr'>indicem,</span> <span class='ocrx_word' id='word_1_43' title='bbox 842 1895 912 1957; x_wconf 86' lang='lat' dir='ltr'>peg.</span> <span class='ocrx_word' id='word_1_44' title='bbox 926 1875 980 1940; x_wconf 68' lang='lat'>82.</span> <span class='ocrx_word' id='word_1_45' title='bbox 1001 1878 1068 1940; x_wconf 80' lang='lat' dir='ltr'>albe</span> <span class='ocrx_word' id='word_1_46' title='bbox 1081 1889 1144 1956; x_wconf 81' lang='lat' dir='ltr'>est,</span> <span class='ocrx_word' id='word_1_47' title='bbox 1170 1897 1243 1959; x_wconf 81' lang='lat' dir='ltr'>pag.</span> <span class='ocrx_word' id='word_1_48' title='bbox 1256 1874 1407 1942; x_wconf 70' lang='grc'>83-90.</span> <span class='ocrx_word' id='word_1_49' title='bbox 1442 1878 1583 1958; x_wconf 86' lang='lat' dir='ltr'>(quarum</span> <span class='ocrx_word' id='word_1_50' title='bbox 1606 1889 1721 1958; x_wconf 83' lang='lat' dir='ltr'>septem</span> <span class='ocrx_word' id='word_1_51' title='bbox 1742 1879 1858 1955; x_wconf 86' lang='lat' dir='ltr'>priores</span> <span class='ocrx_word' id='word_1_52' title='bbox 1880 1871 2020 1938; x_wconf 67' lang='grc'><strong>17-11</strong></span> <span class='ocrx_word' id='word_1_53' title='bbox 2042 1875 2138 1935; x_wconf 83' lang='lat' dir='ltr'>bacas</span> 
     </span>
    </p>

    <p class='ocr_par' dir='ltr' id='par_1_5' title="bbox 94 1957 2135 2126">
     <span class='ocr_line' id='line_1_5' title="bbox 94 1957 2135 2104; baseline 0 -85"><span class='ocrx_word' id='word_1_54' title='bbox 94 1957 221 2104; x_wconf 41' lang='lat' dir='ltr'>asperat,</span> <span class='ocrx_word' id='word_1_55' title='bbox 244 1972 380 2020; x_wconf 77' lang='lat' dir='ltr'>extrem</span> <span class='ocrx_word' id='word_1_56' title='bbox 392 1978 465 2022; x_wconf 76' lang='lat' dir='ltr'>tero</span> <span class='ocrx_word' id='word_1_57' title='bbox 487 1971 602 2022; x_wconf 78' lang='lat' dir='ltr'>tentum</span> <span class='ocrx_word' id='word_1_58' title='bbox 624 1959 667 2024; x_wconf 76' lang='lat' dir='ltr'>ld</span> <span class='ocrx_word' id='word_1_59' title='bbox 686 1958 795 2043; x_wconf 69' lang='lat' dir='ltr'>bum)</span> <span class='ocrx_word' id='word_1_60' title='bbox 816 1963 880 2042; x_wconf 79' lang='lat' dir='ltr'>ipsa</span> <span class='ocrx_word' id='word_1_61' title='bbox 893 1963 1051 2042; x_wconf 83' lang='lat' dir='ltr'>Pririlegia</span> <span class='ocrx_word' id='word_1_62' title='bbox 1070 1966 1225 2028; x_wconf 85' lang='lat' dir='ltr'>contineat</span> <span class='ocrx_word' id='word_1_63' title='bbox 1246 1983 1305 2026; x_wconf 87' lang='lat' dir='ltr'>uon</span> <span class='ocrx_word' id='word_1_64' title='bbox 1326 1963 1419 2042; x_wconf 82' lang='lat' dir='ltr'>ipsius</span> <span class='ocrx_word' id='word_1_65' title='bbox 1439 1965 1566 2024; x_wconf 69' lang='lat' dir='ltr'>aueum</span> <span class='ocrx_word' id='word_1_66' title='bbox 1587 1981 1677 2024; x_wconf 70' lang='lat' dir='ltr'>mnu</span> <span class='ocrx_word' id='word_1_67' title='bbox 1700 1973 1839 2036; x_wconf 68' lang='lat' dir='ltr'>eursu,</span> <span class='ocrx_word' id='word_1_68' title='bbox 1861 1962 1915 2026; x_wconf 83' lang='lat' dir='ltr'>sed</span> <span class='ocrx_word' id='word_1_69' title='bbox 1936 1963 1973 2023; x_wconf 86' lang='lat' dir='ltr'>sb</span> <span class='ocrx_word' id='word_1_70' title='bbox 1989 1961 2050 2022; x_wconf 84' lang='lat' dir='ltr'>alio</span> <span class='ocrx_word' id='word_1_71' title='bbox 2062 1979 2135 2039; x_wconf 83' lang='lat' dir='ltr'>qao·</span> 
     </span>
     <span class='ocr_line' id='line_1_6' title="bbox 200 2047 339 2126; baseline 0.014 -20"><span class='ocrx_word' id='word_1_72' title='bbox 200 2047 339 2126; x_wconf 79' lang='lat' dir='ltr'>escripts.</span> 
     </span>
    </p>
   </div>
   <div class='ocr_carea' id='block_1_3' title="bbox 1200 2249 1206 2256">
    <p class='ocr_par' dir='ltr' id='par_1_6' title="bbox 1200 2249 1206 2256">
     <span class='ocr_line' id='line_1_7' title="bbox 1200 2249 1206 2256; baseline 0 0"><span class='ocrx_word' id='word_1_73' title='bbox 1200 2249 1206 2256; x_wconf 59' lang='lat' dir='ltr'>w</span> 
     </span>
    </p>
   </div>
   <div class='ocr_carea' id='block_1_4' title="bbox 425 2433 1894 2669">
    <p class='ocr_par' dir='ltr' id='par_1_7' title="bbox 425 2433 1894 2669">
     <span class='ocr_line' id='line_1_8' title="bbox 425 2433 1894 2590; baseline 0 -48"><span class='ocrx_word' id='word_1_74' title='bbox 425 2465 856 2590; x_wconf 73' lang='lat' dir='ltr'>aerumnosa</span> <span class='ocrx_word' id='word_1_75' title='bbox 899 2465 1325 2546; x_wconf 71' lang='lat' dir='ltr'>acroamate</span> <span class='ocrx_word' id='word_1_76' title='bbox 1379 2465 1800 2547; x_wconf 71' lang='lat' dir='ltr'>alesmum</span> <span class='ocrx_word' id='word_1_77' title='bbox 1888 2433 1894 2450; x_wconf 83' lang='lat'><em>&#39;</em></span> 
     </span>
     <span class='ocr_line' id='line_1_9' title="bbox 675 2599 1553 2669; baseline -0.001 -4"><span class='ocrx_word' id='word_1_78' title='bbox 675 2599 906 2666; x_wconf 78' lang='lat' dir='ltr'><strong>PHILIPPO</strong></span> <span class='ocrx_word' id='word_1_79' title='bbox 937 2601 1280 2669; x_wconf 75' lang='lat' dir='ltr'><strong>MELANTHONE</strong></span> <span class='ocrx_word' id='word_1_80' title='bbox 1310 2601 1553 2664; x_wconf 78' lang='lat' dir='ltr'>AUCTORE.</span> 
     </span>
    </p>
   </div>
   <div class='ocr_carea' id='block_1_5' title="bbox 94 2785 2225 5260">
    <p class='ocr_par' dir='ltr' id='par_1_8' title="bbox 94 2785 2225 3908">
     <span class='ocr_line' id='line_1_10' title="bbox 191 2785 2137 2886; baseline 0.001 -29"><span class='ocrx_word' id='word_1_81' title='bbox 191 2785 314 2858; x_wconf 81' lang='lat' dir='ltr'>Habet</span> <span class='ocrx_word' id='word_1_82' title='bbox 341 2787 537 2860; x_wconf 82' lang='lat' dir='ltr'>Academia</span> <span class='ocrx_word' id='word_1_83' title='bbox 566 2785 709 2881; x_wconf 87' lang='lat' dir='ltr'>Lipsica</span> <span class='ocrx_word' id='word_1_84' title='bbox 742 2786 1017 2864; x_wconf 86' lang='lat' dir='ltr'>iurisconsultos</span> <span class='ocrx_word' id='word_1_85' title='bbox 1054 2806 1090 2863; x_wconf 95' lang='lat' dir='ltr'>et</span> <span class='ocrx_word' id='word_1_86' title='bbox 1140 2815 1205 2864; x_wconf 87' lang='lat' dir='ltr'>nes</span> <span class='ocrx_word' id='word_1_87' title='bbox 1218 2791 1378 2875; x_wconf 88' lang='lat' dir='ltr'>institui,</span> <span class='ocrx_word' id='word_1_88' title='bbox 1404 2792 1489 2886; x_wconf 85' lang='lat' dir='ltr'>quia</span> <span class='ocrx_word' id='word_1_89' title='bbox 1506 2793 1545 2861; x_wconf 92' lang='lat' dir='ltr'>in</span> <span class='ocrx_word' id='word_1_90' title='bbox 1570 2791 1737 2864; x_wconf 83' lang='lat' dir='ltr'>doctrina</span> <span class='ocrx_word' id='word_1_91' title='bbox 1753 2789 2000 2862; x_wconf 87' lang='lat' dir='ltr'>Ecclesiastica</span> <span class='ocrx_word' id='word_1_92' title='bbox 2023 2789 2137 2860; x_wconf 81' lang='lat' dir='ltr'>mari·</span> 
     </span>
     <span class='ocr_line' id='line_1_11' title="bbox 94 2890 2139 2986; baseline 0 -26"><span class='ocrx_word' id='word_1_93' title='bbox 94 2890 254 2962; x_wconf 85' lang='lat' dir='ltr'>Medicos</span> <span class='ocrx_word' id='word_1_94' title='bbox 277 2893 465 2962; x_wconf 83' lang='lat' dir='ltr'>excellenti</span> <span class='ocrx_word' id='word_1_95' title='bbox 490 2892 656 2966; x_wconf 86' lang='lat' dir='ltr'>doctrina</span> <span class='ocrx_word' id='word_1_96' title='bbox 678 2905 714 2962; x_wconf 93' lang='lat' dir='ltr'>et</span> <span class='ocrx_word' id='word_1_97' title='bbox 736 2893 866 2985; x_wconf 89' lang='lat' dir='ltr'>peritia</span> <span class='ocrx_word' id='word_1_98' title='bbox 891 2896 1088 2986; x_wconf 88' lang='lat' dir='ltr'>praeditos.</span> <span class='ocrx_word' id='word_1_99' title='bbox 1141 2919 1199 2964; x_wconf 93' lang='lat' dir='ltr'>me</span> <span class='ocrx_word' id='word_1_100' title='bbox 1227 2917 1320 2985; x_wconf 89' lang='lat' dir='ltr'>opus</span> <span class='ocrx_word' id='word_1_101' title='bbox 1348 2907 1402 2965; x_wconf 89' lang='lat' dir='ltr'>est</span> <span class='ocrx_word' id='word_1_102' title='bbox 1433 2895 1605 2964; x_wconf 75' lang='lat' dir='ltr'>familiari</span> <span class='ocrx_word' id='word_1_103' title='bbox 1638 2893 1830 2964; x_wconf 90' lang='lat' dir='ltr'>collatione</span> <span class='ocrx_word' id='word_1_104' title='bbox 1856 2893 2074 2964; x_wconf 89' lang='lat' dir='ltr'>iudiciorum</span> <span class='ocrx_word' id='word_1_105' title='bbox 2101 2905 2139 2961; x_wconf 88' lang='lat' dir='ltr'>ct</span> 
     </span>
     <span class='ocr_line' id='line_1_12' title="bbox 94 2991 2138 3092; baseline 0 -26"><span class='ocrx_word' id='word_1_106' title='bbox 94 2995 215 3090; x_wconf 84' lang='lat' dir='ltr'>Quare</span> <span class='ocrx_word' id='word_1_107' title='bbox 230 2991 287 3066; x_wconf 82' lang='lat' dir='ltr'>bis</span> <span class='ocrx_word' id='word_1_108' title='bbox 303 2996 532 3067; x_wconf 89' lang='lat' dir='ltr'>facultatibus</span> <span class='ocrx_word' id='word_1_109' title='bbox 545 2995 669 3066; x_wconf 89' lang='lat' dir='ltr'>idonei</span> <span class='ocrx_word' id='word_1_110' title='bbox 686 2998 907 3088; x_wconf 73' lang='lat' dir='ltr'>professores</span> <span class='ocrx_word' id='word_1_111' title='bbox 930 3022 1006 3069; x_wconf 93' lang='lat' dir='ltr'>non</span> <span class='ocrx_word' id='word_1_112' title='bbox 1028 3000 1089 3068; x_wconf 91' lang='lat' dir='ltr'>de·</span> <span class='ocrx_word' id='word_1_113' title='bbox 1140 2995 1446 3069; x_wconf 76' lang='lat' dir='ltr'>testimoniorum.</span> <span class='ocrx_word' id='word_1_114' title='bbox 1512 2996 1679 3092; x_wconf 88' lang='lat' dir='ltr'>Denique</span> <span class='ocrx_word' id='word_1_115' title='bbox 1702 2997 1891 3089; x_wconf 83' lang='lat' dir='ltr'>multiplex</span> <span class='ocrx_word' id='word_1_116' title='bbox 1921 3007 1975 3067; x_wconf 90' lang='lat' dir='ltr'>est</span> <span class='ocrx_word' id='word_1_117' title='bbox 2001 2995 2138 3067; x_wconf 90' lang='lat' dir='ltr'>utilitas</span> 
     </span>
     <span class='ocr_line' id='line_1_13' title="bbox 94 3096 2225 3192; baseline -0.002 -22"><span class='ocrx_word' id='word_1_118' title='bbox 94 3111 183 3170; x_wconf 86' lang='lat' dir='ltr'>sunt.</span> <span class='ocrx_word' id='word_1_119' title='bbox 254 3097 441 3190; x_wconf 85' lang='lat' dir='ltr'>Stipendia</span> <span class='ocrx_word' id='word_1_120' title='bbox 464 3100 585 3170; x_wconf 91' lang='lat' dir='ltr'>deesse</span> <span class='ocrx_word' id='word_1_121' title='bbox 610 3098 731 3170; x_wconf 90' lang='lat' dir='ltr'>audio.</span> <span class='ocrx_word' id='word_1_122' title='bbox 788 3099 887 3170; x_wconf 89' lang='lat' dir='ltr'>Utile</span> <span class='ocrx_word' id='word_1_123' title='bbox 910 3114 1003 3174; x_wconf 72' lang='lat' dir='ltr'>eust</span> <span class='ocrx_word' id='word_1_124' title='bbox 1027 3125 1090 3172; x_wconf 86' lang='lat' dir='ltr'>au·</span> <span class='ocrx_word' id='word_1_125' title='bbox 1142 3099 1441 3192; x_wconf 72' lang='lat' dir='ltr'>disputationum.</span> <span class='ocrx_word' id='word_1_126' title='bbox 1472 3097 1643 3170; x_wconf 81' lang='lat' dir='ltr'>Arbitror</span> <span class='ocrx_word' id='word_1_127' title='bbox 1658 3112 1779 3170; x_wconf 88' lang='lat' dir='ltr'>antem</span> <span class='ocrx_word' id='word_1_128' title='bbox 1797 3099 1837 3168; x_wconf 93' lang='lat' dir='ltr'>in</span> <span class='ocrx_word' id='word_1_129' title='bbox 1853 3099 1931 3191; x_wconf 90' lang='lat' dir='ltr'>ipsa</span> <span class='ocrx_word' id='word_1_130' title='bbox 1939 3096 2137 3168; x_wconf 82' lang='lat' dir='ltr'>Academia</span> <span class='ocrx_word' id='word_1_131' title='bbox 2224 3141 2225 3144; x_wconf 57' lang='lat'><em>=</em></span> 
     </span>
     <span class='ocr_line' id='line_1_14' title="bbox 94 3196 2138 3297; baseline -0.001 -25"><span class='ocrx_word' id='word_1_132' title='bbox 94 3215 163 3272; x_wconf 90' lang='lat' dir='ltr'>tem</span> <span class='ocrx_word' id='word_1_133' title='bbox 177 3203 221 3272; x_wconf 93' lang='lat' dir='ltr'>in</span> <span class='ocrx_word' id='word_1_134' title='bbox 238 3201 303 3272; x_wconf 88' lang='lat' dir='ltr'>tali</span> <span class='ocrx_word' id='word_1_135' title='bbox 318 3215 444 3272; x_wconf 92' lang='lat' dir='ltr'>ettam</span> <span class='ocrx_word' id='word_1_136' title='bbox 461 3201 593 3274; x_wconf 84' lang='lat' dir='ltr'>celebri</span> <span class='ocrx_word' id='word_1_137' title='bbox 613 3203 702 3273; x_wconf 88' lang='lat' dir='ltr'>urbe</span> <span class='ocrx_word' id='word_1_138' title='bbox 726 3215 843 3276; x_wconf 89' lang='lat' dir='ltr'>certos</span> <span class='ocrx_word' id='word_1_139' title='bbox 857 3201 1089 3275; x_wconf 82' lang='lat' dir='ltr'>Iurisconsnl-</span> <span class='ocrx_word' id='word_1_140' title='bbox 1141 3200 1284 3294; x_wconf 82' lang='lat' dir='ltr'>Lipsica</span> <span class='ocrx_word' id='word_1_141' title='bbox 1307 3203 1464 3272; x_wconf 87' lang='lat' dir='ltr'>inveniri</span> <span class='ocrx_word' id='word_1_142' title='bbox 1491 3226 1596 3295; x_wconf 87' lang='lat' dir='ltr'>posse</span> <span class='ocrx_word' id='word_1_143' title='bbox 1618 3202 1774 3297; x_wconf 89' lang='lat' dir='ltr'>aliquem</span> <span class='ocrx_word' id='word_1_144' title='bbox 1801 3201 1973 3271; x_wconf 92' lang='lat' dir='ltr'>idoneum</span> <span class='ocrx_word' id='word_1_145' title='bbox 1998 3201 2046 3270; x_wconf 88' lang='lat' dir='ltr'>ad</span> <span class='ocrx_word' id='word_1_146' title='bbox 2068 3196 2138 3270; x_wconf 88' lang='lat' dir='ltr'>hoc</span> 
     </span>
     <span class='ocr_line' id='line_1_15' title="bbox 95 3301 2139 3399; baseline -0.002 -25"><span class='ocrx_word' id='word_1_147' title='bbox 95 3317 148 3378; x_wconf 87' lang='lat' dir='ltr'>tos</span> <span class='ocrx_word' id='word_1_148' title='bbox 161 3317 351 3399; x_wconf 87' lang='lat' dir='ltr'>praestare</span> <span class='ocrx_word' id='word_1_149' title='bbox 370 3305 617 3376; x_wconf 81' lang='lat' dir='ltr'>assiduitatem</span> <span class='ocrx_word' id='word_1_150' title='bbox 634 3305 673 3374; x_wconf 94' lang='lat' dir='ltr'>in</span> <span class='ocrx_word' id='word_1_151' title='bbox 698 3305 863 3396; x_wconf 88' lang='lat' dir='ltr'>legendo.</span> <span class='ocrx_word' id='word_1_152' title='bbox 915 3305 1019 3374; x_wconf 88' lang='lat' dir='ltr'>Hanc</span> <span class='ocrx_word' id='word_1_153' title='bbox 1043 3307 1089 3374; x_wconf 93' lang='lat' dir='ltr'>ad</span> <span class='ocrx_word' id='word_1_154' title='bbox 1142 3327 1284 3375; x_wconf 89' lang='lat' dir='ltr'>munus.</span> <span class='ocrx_word' id='word_1_155' title='bbox 1350 3302 1390 3374; x_wconf 91' lang='lat' dir='ltr'>Si</span> <span class='ocrx_word' id='word_1_156' title='bbox 1412 3303 1658 3390; x_wconf 89' lang='lat' dir='ltr'>desideratur,</span> <span class='ocrx_word' id='word_1_157' title='bbox 1690 3305 1831 3398; x_wconf 86' lang='lat' dir='ltr'>aliquos</span> <span class='ocrx_word' id='word_1_158' title='bbox 1849 3303 2040 3386; x_wconf 89' lang='lat' dir='ltr'>indicabo,</span> <span class='ocrx_word' id='word_1_159' title='bbox 2074 3301 2139 3396; x_wconf 87' lang='lat' dir='ltr'>qui</span> 
     </span>
     <span class='ocr_line' id='line_1_16' title="bbox 95 3403 2137 3502; baseline -0.001 -26"><span class='ocrx_word' id='word_1_160' title='bbox 95 3432 169 3480; x_wconf 88' lang='lat' dir='ltr'>rem</span> <span class='ocrx_word' id='word_1_161' title='bbox 191 3433 286 3502; x_wconf 91' lang='lat' dir='ltr'>opus</span> <span class='ocrx_word' id='word_1_162' title='bbox 307 3421 399 3480; x_wconf 89' lang='lat' dir='ltr'>esset</span> <span class='ocrx_word' id='word_1_163' title='bbox 419 3408 606 3501; x_wconf 89' lang='lat' dir='ltr'>stipendiis</span> <span class='ocrx_word' id='word_1_164' title='bbox 629 3404 878 3500; x_wconf 87' lang='lat' dir='ltr'>amplioribus.</span> <span class='ocrx_word' id='word_1_165' title='bbox 941 3405 1090 3479; x_wconf 89' lang='lat' dir='ltr'>Interim</span> <span class='ocrx_word' id='word_1_166' title='bbox 1143 3420 1180 3478; x_wconf 91' lang='lat' dir='ltr'>et</span> <span class='ocrx_word' id='word_1_167' title='bbox 1191 3403 1315 3478; x_wconf 89' lang='lat' dir='ltr'>idonci</span> <span class='ocrx_word' id='word_1_168' title='bbox 1329 3419 1434 3490; x_wconf 89' lang='lat' dir='ltr'>sunt,</span> <span class='ocrx_word' id='word_1_169' title='bbox 1459 3420 1496 3477; x_wconf 92' lang='lat' dir='ltr'>ct</span> <span class='ocrx_word' id='word_1_170' title='bbox 1508 3403 1823 3500; x_wconf 86' lang='lat' dir='ltr'>possentLipsiam</span> <span class='ocrx_word' id='word_1_171' title='bbox 1839 3405 2008 3496; x_wconf 88' lang='lat' dir='ltr'>migrare.</span> <span class='ocrx_word' id='word_1_172' title='bbox 2042 3403 2137 3476; x_wconf 87' lang='lat' dir='ltr'>Nam</span> 
     </span>
     <span class='ocr_line' id='line_1_17' title="bbox 95 3505 2139 3603; baseline -0.003 -23"><span class='ocrx_word' id='word_1_173' title='bbox 95 3512 205 3581; x_wconf 90' lang='lat' dir='ltr'>etalii</span> <span class='ocrx_word' id='word_1_174' title='bbox 220 3513 371 3584; x_wconf 91' lang='lat' dir='ltr'>lectores</span> <span class='ocrx_word' id='word_1_175' title='bbox 387 3507 565 3582; x_wconf 88' lang='lat' dir='ltr'>haberent</span> <span class='ocrx_word' id='word_1_176' title='bbox 578 3507 731 3583; x_wconf 91' lang='lat' dir='ltr'>honesta</span> <span class='ocrx_word' id='word_1_177' title='bbox 747 3510 938 3603; x_wconf 85' lang='lat' dir='ltr'>stipendia,</span> <span class='ocrx_word' id='word_1_178' title='bbox 964 3511 1092 3582; x_wconf 90' lang='lat' dir='ltr'>etiam·</span> <span class='ocrx_word' id='word_1_179' title='bbox 1142 3505 1213 3580; x_wconf 93' lang='lat' dir='ltr'>hoc</span> <span class='ocrx_word' id='word_1_180' title='bbox 1227 3522 1391 3600; x_wconf 90' lang='lat' dir='ltr'>tempore</span> <span class='ocrx_word' id='word_1_181' title='bbox 1404 3509 1573 3600; x_wconf 82' lang='lat' dir='ltr'>migratio</span> <span class='ocrx_word' id='word_1_182' title='bbox 1588 3509 1793 3602; x_wconf 85' lang='lat' dir='ltr'>plaerisque</span> <span class='ocrx_word' id='word_1_183' title='bbox 1808 3506 1962 3576; x_wconf 87' lang='lat' dir='ltr'>difficilis</span> <span class='ocrx_word' id='word_1_184' title='bbox 1977 3516 2050 3589; x_wconf 90' lang='lat' dir='ltr'>est,</span> <span class='ocrx_word' id='word_1_185' title='bbox 2076 3517 2139 3574; x_wconf 88' lang='lat' dir='ltr'>aut</span> 
     </span>
     <span class='ocr_line' id='line_1_18' title="bbox 96 3606 2034 3708; baseline -0.004 -23"><span class='ocrx_word' id='word_1_186' title='bbox 96 3613 217 3686; x_wconf 92' lang='lat' dir='ltr'>sinon</span> <span class='ocrx_word' id='word_1_187' title='bbox 233 3628 352 3688; x_wconf 90' lang='lat' dir='ltr'>essent</span> <span class='ocrx_word' id='word_1_188' title='bbox 367 3613 513 3688; x_wconf 87' lang='lat' dir='ltr'>assidui.</span> <span class='ocrx_word' id='word_1_189' title='bbox 563 3611 658 3686; x_wconf 88' lang='lat' dir='ltr'>Nam</span> <span class='ocrx_word' id='word_1_190' title='bbox 674 3626 710 3684; x_wconf 91' lang='lat' dir='ltr'>et</span> <span class='ocrx_word' id='word_1_191' title='bbox 723 3613 762 3681; x_wconf 93' lang='lat' dir='ltr'>in</span> <span class='ocrx_word' id='word_1_192' title='bbox 778 3613 857 3684; x_wconf 90' lang='lat' dir='ltr'>aliis</span> <span class='ocrx_word' id='word_1_193' title='bbox 874 3613 1090 3708; x_wconf 88' lang='lat' dir='ltr'>quibusdam</span> <span class='ocrx_word' id='word_1_194' title='bbox 1143 3623 1294 3706; x_wconf 91' lang='lat' dir='ltr'>propter</span> <span class='ocrx_word' id='word_1_195' title='bbox 1307 3611 1482 3696; x_wconf 81' lang='lat' dir='ltr'>familias,</span> <span class='ocrx_word' id='word_1_196' title='bbox 1506 3625 1571 3684; x_wconf 93' lang='lat' dir='ltr'>aut</span> <span class='ocrx_word' id='word_1_197' title='bbox 1586 3611 1671 3706; x_wconf 88' lang='lat' dir='ltr'>quia</span> <span class='ocrx_word' id='word_1_198' title='bbox 1693 3608 1896 3680; x_wconf 87' lang='lat' dir='ltr'>retinentur</span> <span class='ocrx_word' id='word_1_199' title='bbox 1911 3632 1931 3678; x_wconf 90' lang='lat' dir='ltr'>a</span> <span class='ocrx_word' id='word_1_200' title='bbox 1949 3606 2034 3678; x_wconf 90' lang='lat' dir='ltr'>suis.</span> 
     </span>
     <span class='ocr_line' id='line_1_19' title="bbox 95 3707 2138 3813; baseline -0.002 -27"><span class='ocrx_word' id='word_1_201' title='bbox 95 3717 301 3790; x_wconf 83' lang='lat' dir='ltr'>Academiis</span> <span class='ocrx_word' id='word_1_202' title='bbox 329 3715 388 3788; x_wconf 88' lang='lat' dir='ltr'>bic</span> <span class='ocrx_word' id='word_1_203' title='bbox 419 3744 499 3790; x_wconf 90' lang='lat' dir='ltr'>mos</span> <span class='ocrx_word' id='word_1_204' title='bbox 527 3729 710 3802; x_wconf 87' lang='lat' dir='ltr'>servatur,</span> <span class='ocrx_word' id='word_1_205' title='bbox 755 3728 797 3786; x_wconf 93' lang='lat' dir='ltr'>ut</span> <span class='ocrx_word' id='word_1_206' title='bbox 824 3717 913 3786; x_wconf 91' lang='lat' dir='ltr'>certi</span> <span class='ocrx_word' id='word_1_207' title='bbox 944 3717 1091 3813; x_wconf 87' lang='lat' dir='ltr'>quidem</span> <span class='ocrx_word' id='word_1_208' title='bbox 1245 3711 1321 3786; x_wconf 85' lang='lat' dir='ltr'>Nec</span> <span class='ocrx_word' id='word_1_209' title='bbox 1347 3715 1433 3786; x_wconf 89' lang='lat' dir='ltr'>satis</span> <span class='ocrx_word' id='word_1_210' title='bbox 1464 3709 1673 3785; x_wconf 89' lang='lat' dir='ltr'>esthabere</span> <span class='ocrx_word' id='word_1_211' title='bbox 1694 3707 2138 3801; x_wconf 84' lang='lat' dir='ltr'>Lectores&#39;l&#39;heologicos.</span> 
     </span>
     <span class='ocr_line' id='line_1_20' title="bbox 96 3810 2140 3908; baseline -0.005 -18"><span class='ocrx_word' id='word_1_212' title='bbox 96 3823 246 3894; x_wconf 89' lang='lat' dir='ltr'>lectores</span> <span class='ocrx_word' id='word_1_213' title='bbox 260 3820 333 3894; x_wconf 88' lang='lat' dir='ltr'>sint</span> <span class='ocrx_word' id='word_1_214' title='bbox 349 3820 504 3906; x_wconf 86' lang='lat' dir='ltr'>assidui,</span> <span class='ocrx_word' id='word_1_215' title='bbox 528 3819 591 3889; x_wconf 84' lang='lat' dir='ltr'>alii</span> <span class='ocrx_word' id='word_1_216' title='bbox 607 3820 680 3892; x_wconf 91' lang='lat' dir='ltr'>sint</span> <span class='ocrx_word' id='word_1_217' title='bbox 693 3819 892 3891; x_wconf 87' lang='lat' dir='ltr'>liberiores.</span> <span class='ocrx_word' id='word_1_218' title='bbox 1142 3813 1305 3888; x_wconf 86' lang='lat' dir='ltr'>ineunda</span> <span class='ocrx_word' id='word_1_219' title='bbox 1320 3830 1375 3889; x_wconf 87' lang='lat' dir='ltr'>est</span> <span class='ocrx_word' id='word_1_220' title='bbox 1396 3816 1506 3887; x_wconf 88' lang='lat' dir='ltr'>etiam</span> <span class='ocrx_word' id='word_1_221' title='bbox 1528 3817 1643 3901; x_wconf 88' lang='lat' dir='ltr'>ratio,</span> <span class='ocrx_word' id='word_1_222' title='bbox 1671 3828 1714 3886; x_wconf 93' lang='lat' dir='ltr'>ut</span> <span class='ocrx_word' id='word_1_223' title='bbox 1732 3839 1910 3908; x_wconf 87' lang='lat' dir='ltr'>pauperes</span> <span class='ocrx_word' id='word_1_224' title='bbox 1935 3810 2140 3886; x_wconf 86' lang='lat' dir='ltr'>scholastici</span> 
     </span>
    </p>

    <p class='ocr_par' dir='ltr' id='par_1_9' title="bbox 95 3913 2141 4525">
     <span class='ocr_line' id='line_1_21' title="bbox 198 3913 2139 4018; baseline -0.005 -24"><span class='ocrx_word' id='word_1_225' title='bbox 198 3926 253 3996; x_wconf 85' lang='lat' dir='ltr'>Ac</span> <span class='ocrx_word' id='word_1_226' title='bbox 263 3925 426 4016; x_wconf 87' lang='lat' dir='ltr'>profecto</span> <span class='ocrx_word' id='word_1_227' title='bbox 442 3926 630 4018; x_wconf 86' lang='lat' dir='ltr'>prodesset</span> <span class='ocrx_word' id='word_1_228' title='bbox 643 3923 832 3996; x_wconf 89' lang='lat' dir='ltr'>universos</span> <span class='ocrx_word' id='word_1_229' title='bbox 849 3923 986 3996; x_wconf 90' lang='lat' dir='ltr'>reditus</span> <span class='ocrx_word' id='word_1_230' title='bbox 1001 3921 1092 3992; x_wconf 81' lang='lat' dir='ltr'>Aca-</span> <span class='ocrx_word' id='word_1_231' title='bbox 1145 3921 1330 3990; x_wconf 89' lang='lat' dir='ltr'>doctrinae</span> <span class='ocrx_word' id='word_1_232' title='bbox 1339 3918 1606 3992; x_wconf 89' lang='lat' dir='ltr'>Ecclesiasticae</span> <span class='ocrx_word' id='word_1_233' title='bbox 1616 3916 1784 4004; x_wconf 85' lang='lat' dir='ltr'>destinati</span> <span class='ocrx_word' id='word_1_234' title='bbox 1794 3919 1940 3990; x_wconf 89' lang='lat' dir='ltr'>alantur</span> <span class='ocrx_word' id='word_1_235' title='bbox 1951 3913 2139 4009; x_wconf 87' lang='lat' dir='ltr'>stipendiis</span> 
     </span>
     <span class='ocr_line' id='line_1_22' title="bbox 96 4019 2138 4123; baseline -0.007 -23"><span class='ocrx_word' id='word_1_236' title='bbox 96 4030 238 4100; x_wconf 88' lang='lat' dir='ltr'>demiae</span> <span class='ocrx_word' id='word_1_237' title='bbox 252 4027 293 4098; x_wconf 93' lang='lat' dir='ltr'>in</span> <span class='ocrx_word' id='word_1_238' title='bbox 309 4052 538 4100; x_wconf 90' lang='lat' dir='ltr'>communem</span> <span class='ocrx_word' id='word_1_239' title='bbox 548 4023 578 4123; x_wconf 89' lang='lat'>¹)</span> <span class='ocrx_word' id='word_1_240' title='bbox 592 4027 716 4098; x_wconf 87' lang='lat' dir='ltr'>fiscum</span> <span class='ocrx_word' id='word_1_241' title='bbox 741 4025 924 4110; x_wconf 87' lang='lat' dir='ltr'>conferre,</span> <span class='ocrx_word' id='word_1_242' title='bbox 951 4037 987 4096; x_wconf 90' lang='lat' dir='ltr'>et</span> <span class='ocrx_word' id='word_1_243' title='bbox 1007 4025 1093 4095; x_wconf 90' lang='lat' dir='ltr'>inde</span> <span class='ocrx_word' id='word_1_244' title='bbox 1144 4022 1315 4114; x_wconf 89' lang='lat' dir='ltr'>publicis,</span> <span class='ocrx_word' id='word_1_245' title='bbox 1350 4023 1434 4118; x_wconf 90' lang='lat' dir='ltr'>quia</span> <span class='ocrx_word' id='word_1_246' title='bbox 1458 4023 1607 4094; x_wconf 87' lang='lat' dir='ltr'>ditiores</span> <span class='ocrx_word' id='word_1_247' title='bbox 1629 4023 1896 4115; x_wconf 89' lang='lat' dir='ltr'>amplectuntur</span> <span class='ocrx_word' id='word_1_248' title='bbox 1918 4019 2007 4089; x_wconf 92' lang='lat' dir='ltr'>alias</span> <span class='ocrx_word' id='word_1_249' title='bbox 2032 4029 2138 4086; x_wconf 90' lang='lat' dir='ltr'>artes.</span> 
     </span>
     <span class='ocr_line' id='line_1_23' title="bbox 98 4118 2140 4224; baseline -0.009 -20"><span class='ocrx_word' id='word_1_250' title='bbox 98 4133 315 4206; x_wconf 88' lang='lat' dir='ltr'>constituere</span> <span class='ocrx_word' id='word_1_251' title='bbox 338 4131 517 4224; x_wconf 87' lang='lat' dir='ltr'>stipendia</span> <span class='ocrx_word' id='word_1_252' title='bbox 537 4153 613 4200; x_wconf 91' lang='lat' dir='ltr'>non</span> <span class='ocrx_word' id='word_1_253' title='bbox 636 4130 779 4214; x_wconf 89' lang='lat' dir='ltr'>otiosis,</span> <span class='ocrx_word' id='word_1_254' title='bbox 801 4130 863 4200; x_wconf 90' lang='lat' dir='ltr'>sed</span> <span class='ocrx_word' id='word_1_255' title='bbox 881 4127 1093 4220; x_wconf 89' lang='lat' dir='ltr'>professori·</span> <span class='ocrx_word' id='word_1_256' title='bbox 1146 4125 1268 4218; x_wconf 84' lang='lat' dir='ltr'>Quare</span> <span class='ocrx_word' id='word_1_257' title='bbox 1281 4125 1441 4196; x_wconf 90' lang='lat' dir='ltr'>defuturi</span> <span class='ocrx_word' id='word_1_258' title='bbox 1455 4139 1539 4197; x_wconf 89' lang='lat' dir='ltr'>sunt</span> <span class='ocrx_word' id='word_1_259' title='bbox 1561 4137 1723 4218; x_wconf 88' lang='lat' dir='ltr'>pastores</span> <span class='ocrx_word' id='word_1_260' title='bbox 1738 4122 1926 4206; x_wconf 87' lang='lat' dir='ltr'>Ecclesiis‚</span> <span class='ocrx_word' id='word_1_261' title='bbox 1950 4118 2140 4190; x_wconf 88' lang='lat' dir='ltr'>nisiPrin·</span> 
     </span>
     <span class='ocr_line' id='line_1_24' title="bbox 96 4221 2140 4326; baseline -0.008 -20"><span class='ocrx_word' id='word_1_262' title='bbox 96 4239 175 4310; x_wconf 87' lang='lat' dir='ltr'>bus.</span> <span class='ocrx_word' id='word_1_263' title='bbox 228 4235 335 4308; x_wconf 84' lang='lat' dir='ltr'>Nunc</span> <span class='ocrx_word' id='word_1_264' title='bbox 356 4237 453 4306; x_wconf 90' lang='lat' dir='ltr'>enim</span> <span class='ocrx_word' id='word_1_265' title='bbox 477 4246 602 4305; x_wconf 91' lang='lat' dir='ltr'>contra</span> <span class='ocrx_word' id='word_1_266' title='bbox 625 4230 901 4326; x_wconf 87' lang='lat' dir='ltr'>proportionem</span> <span class='ocrx_word' id='word_1_267' title='bbox 921 4232 1093 4304; x_wconf 91' lang='lat' dir='ltr'>fruuntur</span> <span class='ocrx_word' id='word_1_268' title='bbox 1146 4227 1241 4323; x_wconf 88' lang='lat' dir='ltr'>cipes</span> <span class='ocrx_word' id='word_1_269' title='bbox 1257 4227 1576 4322; x_wconf 82' lang='lat' dir='ltr'>etRespublicac⁸)</span> <span class='ocrx_word' id='word_1_270' title='bbox 1593 4239 1720 4298; x_wconf 90' lang='lat' dir='ltr'>curent</span> <span class='ocrx_word' id='word_1_271' title='bbox 1737 4226 1787 4294; x_wconf 92' lang='lat' dir='ltr'>ali</span> <span class='ocrx_word' id='word_1_272' title='bbox 1803 4221 2034 4296; x_wconf 85' lang='lat' dir='ltr'>scholasticos</span> <span class='ocrx_word' id='word_1_273' title='bbox 2050 4243 2140 4314; x_wconf 89' lang='lat' dir='ltr'>pan·</span> 
     </span>
     <span class='ocr_line' id='line_1_25' title="bbox 95 4327 2138 4432; baseline -0.008 -22"><span class='ocrx_word' id='word_1_274' title='bbox 95 4341 273 4411; x_wconf 89' lang='lat' dir='ltr'>reditibus</span> <span class='ocrx_word' id='word_1_275' title='bbox 285 4339 451 4432; x_wconf 79' lang='lat' dir='ltr'>Magistri</span> <span class='ocrx_word' id='word_1_276' title='bbox 466 4339 504 4408; x_wconf 92' lang='lat' dir='ltr'>in</span> <span class='ocrx_word' id='word_1_277' title='bbox 522 4336 701 4428; x_wconf 87' lang='lat' dir='ltr'>Collegiis.</span> <span class='ocrx_word' id='word_1_278' title='bbox 752 4331 891 4404; x_wconf 92' lang='lat' dir='ltr'>lnterea</span> <span class='ocrx_word' id='word_1_279' title='bbox 907 4334 1094 4427; x_wconf 91' lang='lat' dir='ltr'>negligun-</span> <span class='ocrx_word' id='word_1_280' title='bbox 1145 4355 1249 4422; x_wconf 85' lang='lat' dir='ltr'>peres</span> <span class='ocrx_word' id='word_1_281' title='bbox 1266 4330 1445 4404; x_wconf 90' lang='lat' dir='ltr'>studiosos</span> <span class='ocrx_word' id='word_1_282' title='bbox 1458 4329 1646 4401; x_wconf 91' lang='lat' dir='ltr'>doctrinae</span> <span class='ocrx_word' id='word_1_283' title='bbox 1660 4327 1937 4410; x_wconf 87' lang='lat' dir='ltr'>ecclesiasticae,</span> <span class='ocrx_word' id='word_1_284' title='bbox 1962 4337 2004 4397; x_wconf 94' lang='lat' dir='ltr'>ut</span> <span class='ocrx_word' id='word_1_285' title='bbox 2028 4347 2072 4394; x_wconf 82' lang='lat' dir='ltr'>ex</span> <span class='ocrx_word' id='word_1_286' title='bbox 2094 4346 2138 4394; x_wconf 91' lang='lat' dir='ltr'>eo</span> 
     </span>
     <span class='ocr_line' id='line_1_26' title="bbox 95 4426 2141 4525; baseline -0.01 -9"><span class='ocrx_word' id='word_1_287' title='bbox 95 4457 155 4516; x_wconf 90' lang='lat' dir='ltr'>tur</span> <span class='ocrx_word' id='word_1_288' title='bbox 169 4443 348 4516; x_wconf 87' lang='lat' dir='ltr'>Doctores</span> <span class='ocrx_word' id='word_1_289' title='bbox 363 4438 456 4514; x_wconf 91' lang='lat' dir='ltr'>Iuris</span> <span class='ocrx_word' id='word_1_290' title='bbox 469 4454 504 4512; x_wconf 90' lang='lat' dir='ltr'>ct</span> <span class='ocrx_word' id='word_1_291' title='bbox 518 4439 734 4514; x_wconf 88' lang='lat' dir='ltr'>Medicinae.</span> <span class='ocrx_word' id='word_1_292' title='bbox 1145 4457 1299 4504; x_wconf 90' lang='lat' dir='ltr'>numero</span> <span class='ocrx_word' id='word_1_293' title='bbox 1333 4434 1512 4525; x_wconf 74' lang='lat' dir='ltr'>eligantur</span> <span class='ocrx_word' id='word_1_294' title='bbox 1543 4431 1700 4504; x_wconf 86' lang='lat' dir='ltr'>ministri</span> <span class='ocrx_word' id='word_1_295' title='bbox 1732 4429 2002 4513; x_wconf 87' lang='lat' dir='ltr'>Ecclesiarum,</span> <span class='ocrx_word' id='word_1_296' title='bbox 2048 4426 2141 4498; x_wconf 90' lang='lat' dir='ltr'>sicut</span> 
     </span>
    </p>

    <p class='ocr_par' dir='ltr' id='par_1_10' title="bbox 95 4530 2141 5260">
     <span class='ocr_line' id='line_1_27' title="bbox 199 4530 2139 4638; baseline -0.012 -19"><span class='ocrx_word' id='word_1_297' title='bbox 199 4545 244 4618; x_wconf 91' lang='lat' dir='ltr'>Iu</span> <span class='ocrx_word' id='word_1_298' title='bbox 259 4543 461 4638; x_wconf 84' lang='lat' dir='ltr'>Theologia</span> <span class='ocrx_word' id='word_1_299' title='bbox 477 4545 671 4615; x_wconf 86' lang='lat' dir='ltr'>lectoribus</span> <span class='ocrx_word' id='word_1_300' title='bbox 689 4540 804 4612; x_wconf 87' lang='lat' dir='ltr'>tribus</span> <span class='ocrx_word' id='word_1_301' title='bbox 826 4563 918 4633; x_wconf 90' lang='lat' dir='ltr'>opus</span> <span class='ocrx_word' id='word_1_302' title='bbox 943 4552 1015 4623; x_wconf 91' lang='lat' dir='ltr'>est,</span> <span class='ocrx_word' id='word_1_303' title='bbox 1040 4540 1094 4610; x_wconf 84' lang='lat' dir='ltr'>Ac</span> <span class='ocrx_word' id='word_1_304' title='bbox 1146 4548 1295 4630; x_wconf 93' lang='lat' dir='ltr'>propter</span> <span class='ocrx_word' id='word_1_305' title='bbox 1310 4531 1405 4605; x_wconf 91' lang='lat' dir='ltr'>hanc</span> <span class='ocrx_word' id='word_1_306' title='bbox 1420 4535 1535 4629; x_wconf 87' lang='lat' dir='ltr'>ipsam</span> <span class='ocrx_word' id='word_1_307' title='bbox 1557 4559 1703 4607; x_wconf 88' lang='lat' dir='ltr'>causam</span> <span class='ocrx_word' id='word_1_308' title='bbox 1728 4532 1834 4604; x_wconf 90' lang='lat' dir='ltr'>initio</span> <span class='ocrx_word' id='word_1_309' title='bbox 1859 4544 1944 4602; x_wconf 90' lang='lat' dir='ltr'>ante</span> <span class='ocrx_word' id='word_1_310' title='bbox 1961 4530 2139 4602; x_wconf 87' lang='lat' dir='ltr'>Constan-</span> 
     </span>
     <span class='ocr_line' id='line_1_28' title="bbox 96 4629 2138 4742; baseline -0.012 -19"><span class='ocrx_word' id='word_1_311' title='bbox 96 4677 194 4723; x_wconf 91' lang='lat' dir='ltr'>nunc</span> <span class='ocrx_word' id='word_1_312' title='bbox 221 4647 359 4722; x_wconf 89' lang='lat' dir='ltr'>habent</span> <span class='ocrx_word' id='word_1_313' title='bbox 382 4649 584 4742; x_wconf 84' lang='lat' dir='ltr'>Zciglerum</span> <span class='ocrx_word' id='word_1_314' title='bbox 612 4660 646 4718; x_wconf 89' lang='lat' dir='ltr'>et</span> <span class='ocrx_word' id='word_1_315' title='bbox 667 4640 910 4717; x_wconf 89' lang='lat' dir='ltr'>Schubelium.</span> <span class='ocrx_word' id='word_1_316' title='bbox 969 4639 1016 4717; x_wconf 81' lang='lat' dir='ltr'>Et</span> <span class='ocrx_word' id='word_1_317' title='bbox 1053 4643 1093 4712; x_wconf 89' lang='lat' dir='ltr'>in</span> <span class='ocrx_word' id='word_1_318' title='bbox 1146 4640 1263 4711; x_wconf 86' lang='lat' dir='ltr'>tinum</span> <span class='ocrx_word' id='word_1_319' title='bbox 1286 4637 1451 4730; x_wconf 87' lang='lat' dir='ltr'>Collegia·</span> <span class='ocrx_word' id='word_1_320' title='bbox 1474 4637 1666 4708; x_wconf 90' lang='lat' dir='ltr'>constituta</span> <span class='ocrx_word' id='word_1_321' title='bbox 1691 4645 1786 4709; x_wconf 88' lang='lat' dir='ltr'>sunt.</span> <span class='ocrx_word' id='word_1_322' title='bbox 1837 4635 1968 4706; x_wconf 87' lang='lat' dir='ltr'>Postea</span> <span class='ocrx_word' id='word_1_323' title='bbox 1995 4657 2075 4703; x_wconf 92' lang='lat' dir='ltr'>cum</span> <span class='ocrx_word' id='word_1_324' title='bbox 2099 4629 2138 4698; x_wconf 94' lang='lat' dir='ltr'>in</span> 
     </span>
     <span class='ocr_line' id='line_1_29' title="bbox 95 4731 2138 4846; baseline -0.013 -20"><span class='ocrx_word' id='word_1_325' title='bbox 95 4749 153 4826; x_wconf 88' lang='lat' dir='ltr'>his</span> <span class='ocrx_word' id='word_1_326' title='bbox 178 4754 293 4826; x_wconf 89' lang='lat' dir='ltr'>initiis</span> <span class='ocrx_word' id='word_1_327' title='bbox 314 4745 440 4846; x_wconf 84' lang='lat' dir='ltr'>placet</span> <span class='ocrx_word' id='word_1_328' title='bbox 455 4739 556 4822; x_wconf 75' lang='lat' dir='ltr'>mihi‘</span> <span class='ocrx_word' id='word_1_329' title='bbox 569 4752 721 4821; x_wconf 90' lang='lat' dir='ltr'>alterum</span> <span class='ocrx_word' id='word_1_330' title='bbox 739 4741 965 4839; x_wconf 85' lang='lat' dir='ltr'>Theologum</span> <span class='ocrx_word' id='word_1_331' title='bbox 990 4745 1094 4816; x_wconf 89' lang='lat' dir='ltr'>susti·</span> <span class='ocrx_word' id='word_1_332' title='bbox 1147 4741 1315 4835; x_wconf 87' lang='lat' dir='ltr'>Collegiis</span> <span class='ocrx_word' id='word_1_333' title='bbox 1322 4741 1440 4813; x_wconf 88' lang='lat' dir='ltr'>studia</span> <span class='ocrx_word' id='word_1_334' title='bbox 1454 4744 1738 4834; x_wconf 82' lang='lat' dir='ltr'>languescerent,</span> <span class='ocrx_word' id='word_1_335' title='bbox 1755 4736 1974 4810; x_wconf 88' lang='lat' dir='ltr'>monasteria</span> <span class='ocrx_word' id='word_1_336' title='bbox 1992 4731 2138 4804; x_wconf 91' lang='lat' dir='ltr'>condita</span> 
     </span>
     <span class='ocr_line' id='line_1_30' title="bbox 96 4829 2141 4946; baseline -0.012 -18"><span class='ocrx_word' id='word_1_337' title='bbox 96 4882 185 4930; x_wconf 92' lang='lat' dir='ltr'>nere</span> <span class='ocrx_word' id='word_1_338' title='bbox 216 4879 348 4930; x_wconf 87' lang='lat' dir='ltr'>munus</span> <span class='ocrx_word' id='word_1_339' title='bbox 376 4857 530 4927; x_wconf 90' lang='lat' dir='ltr'>docendi</span> <span class='ocrx_word' id='word_1_340' title='bbox 557 4853 716 4946; x_wconf 85' lang='lat' dir='ltr'>linguam</span> <span class='ocrx_word' id='word_1_341' title='bbox 741 4849 981 4946; x_wconf 63' lang='lat' dir='ltr'>Ebraeam2),</span> <span class='ocrx_word' id='word_1_342' title='bbox 1022 4873 1094 4944; x_wconf 90' lang='lat' dir='ltr'>qua</span> <span class='ocrx_word' id='word_1_343' title='bbox 1147 4858 1249 4931; x_wconf 90' lang='lat' dir='ltr'>sunt,</span> <span class='ocrx_word' id='word_1_344' title='bbox 1282 4857 1324 4916; x_wconf 96' lang='lat' dir='ltr'>ut</span> <span class='ocrx_word' id='word_1_345' title='bbox 1355 4857 1471 4916; x_wconf 89' lang='lat' dir='ltr'>essent</span> <span class='ocrx_word' id='word_1_346' title='bbox 1493 4839 1656 4916; x_wconf 88' lang='lat' dir='ltr'>Scholae.</span> <span class='ocrx_word' id='word_1_347' title='bbox 1723 4829 1865 4912; x_wconf 67' lang='lat' dir='ltr'>Deinde</span> <span class='ocrx_word' id='word_1_348' title='bbox 1896 4838 2141 4911; x_wconf 79' lang='lat' dir='ltr'>successerunt</span> 
     </span>
     <span class='ocr_line' id='line_1_31' title="bbox 97 4939 2140 5056; baseline -0.013 -23"><span class='ocrx_word' id='word_1_349' title='bbox 97 4977 195 5033; x_wconf 88' lang='lat' dir='ltr'>certe</span> <span class='ocrx_word' id='word_1_350' title='bbox 212 4984 303 5056; x_wconf 89' lang='lat' dir='ltr'>opus</span> <span class='ocrx_word' id='word_1_351' title='bbox 318 4974 372 5032; x_wconf 91' lang='lat' dir='ltr'>est</span> <span class='ocrx_word' id='word_1_352' title='bbox 388 4962 434 5032; x_wconf 87' lang='lat' dir='ltr'>ad</span> <span class='ocrx_word' id='word_1_353' title='bbox 449 4959 720 5049; x_wconf 88' lang='lat' dir='ltr'>intelligendum</span> <span class='ocrx_word' id='word_1_354' title='bbox 735 4977 939 5027; x_wconf 92' lang='lat' dir='ltr'>sermonem</span> <span class='ocrx_word' id='word_1_355' title='bbox 957 4953 996 5022; x_wconf 90' lang='lat' dir='ltr'>in</span> <span class='ocrx_word' id='word_1_356' title='bbox 1011 4976 1094 5043; x_wconf 86' lang='lat' dir='ltr'>pro·</span> <span class='ocrx_word' id='word_1_357' title='bbox 1146 4949 1380 5032; x_wconf 77' lang='lat' dir='ltr'>Academiae,</span> <span class='ocrx_word' id='word_1_358' title='bbox 1415 4947 1500 5042; x_wconf 91' lang='lat' dir='ltr'>quia</span> <span class='ocrx_word' id='word_1_359' title='bbox 1516 4941 1690 5017; x_wconf 89' lang='lat' dir='ltr'>Monachi</span> <span class='ocrx_word' id='word_1_360' title='bbox 1712 4945 1896 5016; x_wconf 90' lang='lat' dir='ltr'>desierunt</span> <span class='ocrx_word' id='word_1_361' title='bbox 1918 4942 2037 5011; x_wconf 91' lang='lat' dir='ltr'>colere</span> <span class='ocrx_word' id='word_1_362' title='bbox 2060 4939 2140 5010; x_wconf 92' lang='lat' dir='ltr'>lite·</span> 
     </span>
     <span class='ocr_line' id='line_1_32' title="bbox 96 5039 2139 5159; baseline -0.013 -23"><span class='ocrx_word' id='word_1_363' title='bbox 96 5061 252 5159; x_wconf 89' lang='lat' dir='ltr'>pheticis</span> <span class='ocrx_word' id='word_1_364' title='bbox 275 5063 427 5157; x_wconf 89' lang='lat' dir='ltr'>scriptis.</span> <span class='ocrx_word' id='word_1_365' title='bbox 488 5059 656 5155; x_wconf 88' lang='lat' dir='ltr'>Optarim</span> <span class='ocrx_word' id='word_1_366' title='bbox 682 5072 801 5131; x_wconf 86' lang='lat' dir='ltr'>autem</span> <span class='ocrx_word' id='word_1_367' title='bbox 827 5057 912 5126; x_wconf 93' lang='lat' dir='ltr'>addi</span> <span class='ocrx_word' id='word_1_368' title='bbox 933 5055 1094 5139; x_wconf 70' lang='lat' dir='ltr'>tertium</span> <span class='ocrx_word' id='word_1_369' title='bbox 1146 5077 1216 5125; x_wconf 89' lang='lat' dir='ltr'>ras.</span> <span class='ocrx_word' id='word_1_370' title='bbox 1284 5051 1389 5123; x_wconf 91' lang='lat' dir='ltr'>Nunc</span> <span class='ocrx_word' id='word_1_371' title='bbox 1418 5049 1529 5142; x_wconf 80' lang='lat' dir='ltr'>igitur</span> <span class='ocrx_word' id='word_1_372' title='bbox 1554 5047 1731 5142; x_wconf 89' lang='lat' dir='ltr'>possessio</span> <span class='ocrx_word' id='word_1_373' title='bbox 1759 5047 1946 5118; x_wconf 89' lang='lat' dir='ltr'>literarum</span> <span class='ocrx_word' id='word_1_374' title='bbox 1972 5039 2139 5138; x_wconf 81' lang='lat' dir='ltr'>haeret&#39;)</span> 
     </span>
     <span class='ocr_line' id='line_1_33' title="bbox 98 5141 2139 5260; baseline -0.012 -22"><span class='ocrx_word' id='word_1_375' title='bbox 98 5182 135 5239; x_wconf 90' lang='lat' dir='ltr'>et</span> <span class='ocrx_word' id='word_1_376' title='bbox 148 5193 227 5239; x_wconf 92' lang='lat' dir='ltr'>non</span> <span class='ocrx_word' id='word_1_377' title='bbox 244 5166 360 5242; x_wconf 89' lang='lat' dir='ltr'>solum</span> <span class='ocrx_word' id='word_1_378' title='bbox 376 5165 656 5260; x_wconf 88' lang='lat' dir='ltr'>praelectiones,</span> <span class='ocrx_word' id='word_1_379' title='bbox 682 5161 864 5236; x_wconf 88' lang='lat' dir='ltr'>sedetiam</span> <span class='ocrx_word' id='word_1_380' title='bbox 881 5159 1094 5252; x_wconf 89' lang='lat' dir='ltr'>disputatio·</span> <span class='ocrx_word' id='word_1_381' title='bbox 1145 5167 1328 5248; x_wconf 88' lang='lat' dir='ltr'>utcunque</span> <span class='ocrx_word' id='word_1_382' title='bbox 1344 5153 1383 5222; x_wconf 90' lang='lat' dir='ltr'>in</span> <span class='ocrx_word' id='word_1_383' title='bbox 1396 5153 1613 5225; x_wconf 83' lang='lat' dir='ltr'>Academiis.</span> <span class='ocrx_word' id='word_1_384' title='bbox 1663 5149 1813 5221; x_wconf 87' lang='lat' dir='ltr'>Interim</span> <span class='ocrx_word' id='word_1_385' title='bbox 1836 5173 1923 5243; x_wconf 88' lang='lat' dir='ltr'>opes</span> <span class='ocrx_word' id='word_1_386' title='bbox 1944 5141 2139 5240; x_wconf 88' lang='lat' dir='ltr'>donatae&#39;)</span> 
     </span>
    </p>
   </div>
   <div class='ocr_carea' id='block_1_6' title="bbox 1147 5298 1353 5313">
    <p class='ocr_par' dir='ltr' id='par_1_11' title="bbox 1147 5298 1353 5313">
     <span class='ocr_line' id='line_1_34' title="bbox 1147 5298 1353 5313; baseline -0.019 0"><span class='ocrx_word' id='word_1_387' title='bbox 1147 5298 1353 5313; x_wconf 70' lang='lat'>———-</span> 
     </span>
    </p>
   </div>
   <div class='ocr_carea' id='block_1_7' title="bbox 136 5351 1679 5513">
    <p class='ocr_par' dir='ltr' id='par_1_12' title="bbox 136 5351 1679 5513">
     <span class='ocr_line' id='line_1_35' title="bbox 1180 5351 1679 5426; baseline -0.02 -14"><span class='ocrx_word' id='word_1_388' title='bbox 1180 5355 1212 5426; x_wconf 74' lang='lat'>8)</span> <span class='ocrx_word' id='word_1_389' title='bbox 1230 5355 1428 5420; x_wconf 76' lang='lat' dir='ltr'>Respubllosc]</span> <span class='ocrx_word' id='word_1_390' title='bbox 1447 5353 1532 5408; x_wconf 76' lang='lat' dir='ltr'>ced:</span> <span class='ocrx_word' id='word_1_391' title='bbox 1555 5351 1679 5416; x_wconf 74' lang='lat' dir='ltr'>Respub:</span> 
     </span>
     <span class='ocr_line' id='line_1_36' title="bbox 136 5426 1553 5513; baseline -0.011 -27"><span class='ocrx_word' id='word_1_392' title='bbox 136 5432 169 5502; x_wconf 83' lang='lat' dir='ltr'>t)</span> <span class='ocrx_word' id='word_1_393' title='bbox 189 5435 376 5495; x_wconf 75' lang='lat' dir='ltr'>conamen]</span> <span class='ocrx_word' id='word_1_394' title='bbox 390 5431 458 5486; x_wconf 80' lang='lat' dir='ltr'>cot.</span> <span class='ocrx_word' id='word_1_395' title='bbox 475 5431 559 5484; x_wconf 83' lang='lat' dir='ltr'>bsbct</span> <span class='ocrx_word' id='word_1_396' title='bbox 575 5431 731 5499; x_wconf 77' lang='lat' dir='ltr'>scripturos</span> <span class='ocrx_word' id='word_1_397' title='bbox 747 5426 951 5496; x_wconf 70' lang='lat' dir='ltr'>conpendium</span> <span class='ocrx_word' id='word_1_398' title='bbox 969 5439 1078 5484; x_wconf 74' lang='lat' dir='ltr'>conen</span> <span class='ocrx_word' id='word_1_399' title='bbox 1180 5443 1213 5513; x_wconf 79' lang='lat' dir='ltr'>t)</span> <span class='ocrx_word' id='word_1_400' title='bbox 1230 5445 1343 5505; x_wconf 61' lang='lat' dir='ltr'>mm]</span> <span class='ocrx_word' id='word_1_401' title='bbox 1362 5440 1448 5496; x_wconf 60' lang='lat' dir='ltr'>cog,</span> <span class='ocrx_word' id='word_1_402' title='bbox 1471 5441 1553 5492; x_wconf 59' lang='lat' dir='ltr'>„m</span> 
     </span>
    </p>
   </div>
   <div class='ocr_carea' id='block_1_8' title="bbox 133 5525 1592 5606">
    <p class='ocr_par' dir='ltr' id='par_1_13' title="bbox 133 5525 1592 5606">
     <span class='ocr_line' id='line_1_37' title="bbox 133 5525 1592 5606; baseline -0.006 -16"><span class='ocrx_word' id='word_1_403' title='bbox 133 5539 168 5600; x_wconf 79' lang='lat'>2)</span> <span class='ocrx_word' id='word_1_404' title='bbox 187 5533 349 5606; x_wconf 55' lang='lat' dir='ltr'>Ebusum]</span> <span class='ocrx_word' id='word_1_405' title='bbox 369 5535 451 5592; x_wconf 74' lang='lat' dir='ltr'>ced:</span> <span class='ocrx_word' id='word_1_406' title='bbox 475 5535 611 5604; x_wconf 67' lang='lat' dir='ltr'>Borean,</span> <span class='ocrx_word' id='word_1_407' title='bbox 1180 5529 1213 5599; x_wconf 77' lang='lat' dir='ltr'>t)</span> <span class='ocrx_word' id='word_1_408' title='bbox 1230 5525 1363 5598; x_wconf 72' lang='lat' dir='ltr'>domna]</span> <span class='ocrx_word' id='word_1_409' title='bbox 1381 5527 1466 5582; x_wconf 62' lang='lat' dir='ltr'>cod:</span> <span class='ocrx_word' id='word_1_410' title='bbox 1490 5527 1592 5594; x_wconf 70' lang='lat' dir='ltr'>donate</span> 
     </span>
    </p>
   </div>
   <div class='ocr_carea' id='block_1_9' title="bbox 0 0 2464 5956">
    <p class='ocr_par' dir='ltr' id='par_1_14' title="bbox 0 0 2464 5956">
     <span class='ocr_line' id='line_1_38' title="bbox 0 0 2464 5956; baseline 0 0"><span class='ocrx_word' id='word_1_411' title='bbox 0 0 2464 5956; x_wconf 95' lang='lat' dir='ltr'> </span> 
     </span>
    </p>
   </div>
  </div>
 </body>
</html>
