4920 5956
300 206 373 278 ιιι
581 183 618 228 ”
932 205 1292 282 unumunurn
1317 206 1385 279 nn
1410 207 1554 282 voni.
1580 206 1703 282 1-x.
2254 207 2336 282 ree

300 461 369 539 ψ
428 374 472 436 Ut
492 376 564 434 laius
593 375 659 434 luce
688 394 747 434 non
769 375 859 450 lcerni
881 375 1008 455 'possunt
1038 377 1167 438 colorum
1195 375 1381 456 discrimina,
1407 380 1448 438 ita
1475 379 1540 438 aine
1562 378 1735 457 'cognitione
1761 375 1875 455 phrasis
1902 377 2210 438 coruscaturum
2230 377 2270 436 N.
2292 379 2337 436 T.

369 471 416 520 tar
439 469 495 520 etl.

429 572 669 632 considerandae
688 585 759 633 aunt
781 575 936 633 rerbomm
960 576 1087 652 origines
1109 585 1141 636 et
1169 574 1327 655 emphaaea
1348 579 1379 635 in
1401 579 1473 655 ipris
1494 579 1639 654 tontibus,
1667 578 1807 638 diaeenda
1829 589 1876 638 eat
1896 577 2077 657 proprietas,
2107 588 2138 637 et
2159 578 2338 656 ridendum,

301 658 352 716 ubi
370 655 589 718 transferantur
610 674 696 717 rocca
720 658 872 738 ringulae,
896 671 947 719 aut
966 661 1104 738 iunctae,
1124 661 1270 720 allnaione
1293 672 1324 720 et
1345 661 1447 740 liguria
1467 665 1505 722 ad
1529 665 1638 724 vicinas
1660 663 1896 745 significationen
2300 673 2303 681 '

428 774 504 837 Cura
525 776 617 856 ¹rerba
638 785 670 835 et
691 775 813 854 phrasin
835 776 1048 859 intelligimus,
1070 779 1127 837 iter
1148 779 1315 858 proximum
1337 791 1382 838 eat
1404 799 1423 840 a
1442 781 1640 844 Grammatiea
1661 783 1699 842 ad
1720 783 1913 842 Dialecticen.

426 894 529 955 Multis
550 895 683 974 proiecto
705 897 852 956 erroribus
873 898 1016 984 caruisset
1033 899 1112 956 omni
1135 909 1271 976 tempore
1293 897 1473 978 Theologia,
1493 901 1518 958 ri
1543 918 1601 959 non
1624 901 1889 980 hebraicagrnece
1913 901 2061 978 explicata
2083 911 2195 962 carent.
2233 947 2236 954 ,

428 1012 514 1074 Unua
534 1014 640 1093 aliquia
662 1026 693 1073 et
713 1015 841 1094 simplex
862 1015 1028 1093 scripturae
1049 1008 1153 1077 sonans
1176 1027 1239 1096 eat,
1260 1029 1293 1077 ut
1314 1029 1346 1078 et
1367 1013 1503 1078 coelestia
1525 1015 1864 1098 rentaa‘umpucinima
1885 1015 1948 1096 eat,
1969 1035 2059 1097 quem
2080 1017 2339 1096 collatiaacn'ptu-

300 1095 342 1156 ria
363 1114 381 1156 e
402 1097 454 1156 lilo
476 1097 625 1177 ductuque
645 1100 785 1158 orationis
808 1100 877 1158 licet
898 1097 1030 1178 assequi.

428 1215 512 1275 Licet
533 1219 650 1276 omnino
678 1218 716 1278 ad
744 1218 913 1278 iudicandaa
940 1220 1100 1297 scripturas
1127 1217 1289 1279 adhibendi
1316 1220 1374 1280 sint
1394 1220 1514 1299 Patres,
1547 1223 1637 1282 actim
1666 1234 1716 1284 eat
1742 1241 1781 1282 ex
1808 1220 1854 1281 hia
1875 1222 1947 1280 locia
1967 1223 2131 1300 scripturae
2151 1222 2336 1282 sententiam

299 1297 465 1442 inituim,
485 1301 533 1360 uhi
553 1300 609 1362 hoc
628 1302 725 1380 ipaum
747 1314 857 1382 agunt,
885 1312 918 1361 ut
939 1315 1096 1381 enarrent,
1121 1321 1209 1382 quam
1230 1305 1284 1381 iia,
1308 1305 1357 1364 ubi
1378 1305 1428 1364 rel
1449 1307 1680 1384 rhetoricantur,
1708 1309 1757 1368 rel
1784 1306 1938 1366 affectibua
1965 1307 2024 1366 ruia
2045 1323 2221 1386 quocunque
2242 1304 2334 1366 modo

311 1400 330 1440 ιι
353 1395 466 1462 agent.

428 1503 556 1572 Quidam
575 1523 635 1563 non
657 1507 788 1563 contenti
810 1523 868 1564 una
888 1507 1137 1584 interpretatione
1158 1507 1187 1565 in
1203 1507 1328 1586 ringulir
1349 1507 1504 1566 sententiis
1516 1507 1667 1566 finxerunt
1688 1523 1726 1567 ex
1747 1525 1780 1568 ac
1801 1507 1884 1567 velut
1904 1509 2005 1567 aranei
2027 1518 2150 1586 quatuor
2163 1516 2214 1565 aar
2227 1507 2336 1584 plnrea

301 1587 389 1646 etlam
410 1584 591 1664 auctentica,
612 1588 784 1665 liberalem,
806 1590 1013 1668 allegoricam,
1035 1592 1263 1670 tropologicam,
1283 1602 1315 1650 et
1335 1593 1455 1666 nescio,
1482 1610 1555 1670 quaa
1577 1603 1750 1672 praeterea,
1777 1611 1843 1652 cnm
1865 1609 1923 1651 una
1944 1604 1976 1653 et
1996 1593 2124 1672 simplex
2144 1592 2183 1652 ait
2202 1591 2335 1668 acriptn-

300 1687 354 1730 rae
374 1673 537 1748 sententia,
561 1673 697 1733 videlicet
718 1691 806 1752 quarn
828 1676 926 1753 aperit
945 1676 1019 1734 ratio
1042 1677 1244 1754 grammatica.

317 1873 325 1888 ι
368 1874 406 1934 ὼ
426 1790 460 1849 Ιιι
483 1792 563 1935 Ἢίίι
584 1808 675 1870 saepe
696 1793 865 1851 inseruntur
889 1791 1008 1867 rerba,
1024 1792 1137 1870 aliquid
1164 1795 1286 1873 proprie
1314 1773 1353 1855 de
1373 1796 1461 1855 rebus
1481 1775 1651 1874 significatis
1671 1793 1849 1873 indicantia,
1880 1813 1936 1855 nec
1957 1805 2054 1856 tamen
2074 1806 2236 1876 propterea
2258 1791 2338 1853 abii-
2456 1769 2457 1772 Ἴ

301 1889 366 1932 tien
428 1885 476 1934 eat
546 1877 628 1936 toria.
1045 1888 1050 1897 '
1944 1917 1947 1922 ·

427 1989 496 2050 Non
517 2009 640 2052 neaerae
661 2002 707 2051 eat
728 2009 831 2054 omnes
850 1991 990 2053 hhtcriae
1014 1993 1244 2058 circumstantiae
1266 1996 1426 2058 convenire
1446 1996 1483 2055 ad
1504 1995 1553 2067 id,
1574 1995 1654 2074 quod
1675 1996 1873 2082 riguiticatnrr
1902 1998 1972 2058 satia
1992 2007 2057 2078 eat,
2076 1997 2175 2059 ideam
2194 1999 2225 2056 in
2246 1997 2338 2076 prin·

300 2074 443 2154 cipalihua
463 2077 551 2136 rehua
572 2077 741 2139 convenire.
1638 2095 1642 2104 ’

430 2193 499 2254 Non
520 2195 616 2254 omnia
637 2196 727 2254 rema
743 2195 800 2254 Dei
821 2195 1059 2258 transformanda
1079 2208 1148 2257 aunt
1167 2199 1199 2257 in
1217 2197 1391 2277 allegorias,
1410 2197 1466 2258 aed
1490 2209 1523 2258 ut
1542 2199 1643 2258 natira
1663 2197 1833 2277 significatio
1855 2201 1998 2260 aermcnia
2018 2197 2159 2278 postulat.

428 2314 644 2392 ineptissimum
664 2333 758 2394 genua
780 2325 826 2376 est
845 2317 982 2393 illorum,
1004 2317 1054 2396 qni
1077 2317 1203 2397 quadarn
1221 2318 1335 2380 iudum
1353 2319 1563 2396 auperatitioae
1584 2318 1693 2382 addicti
1714 2319 1898 2397 gloaaematia
1922 2317 2115 2396 Iudaeorum,
2134 2338 2200 2380 cam
2222 2297 2336 2396 ἧμιν

299 2416 358 2458 non
379 2398 564 2476 intelligant,
590 2417 647 2459 nec
677 2401 887 2461 aententiarum
915 2402 1051 2461 ordinem
1073 2403 1326 2478 animadvertant,
1353 2419 1443 2482 saepe
1464 2403 1606 2463 abanrdar
1627 2404 1905 2486 interpretationes,
1934 2423 1970 2464 ac
1991 2422 2080 2481 rere,
2102 2415 2135 2464 ut
2155 2419 2263 2482 maere
2284 2403 2336 2462 di-

301 2483 393 2560 citur,
422 2477 519 2564 παρὰ
541 2478 580 2544 td
602 2477 705 2562 μέλος
724 2483 882 2564 affingunt.
1895 2496 1899 2509 '

426 2602 554 2664 Omnino
574 2603 732 2681 peculiaria
752 2603 848 2664 l'crma
869 2614 916 2663 eat
937 2603 1076 2662 orationia
1097 2602 1286 2682 graviaaimae
1306 2599 1387 2659 illius
1406 2567 1602 2680 antiquitatis,
1630 2603 1744 2677 brevia,
1772 2601 1904 2664 contorta
1926 2605 2029 2682 rehua,
2056 2603 2242 2678 verecunda,
2271 2623 2334 2664 non

299 2687 452 2767 witgar,
479 2687 534 2748 red
561 2689 630 2748 alibi
658 2689 795 2768 proprie,
823 2689 938 2766 aignnte
971 2699 1003 2748 et
1031 2688 1161 2748 dilucide
1182 2701 1353 2766 proponens
1374 2686 1458 2786 leger
1479 2696 1511 2745 et
1531 2687 1684 2788 dogmata,
1720 2689 1789 2790 alilpi
1808 2685 1858 2748 rea
1880 2689 2000 2749 easdem
2028 2685 2201 2750 dulcissimis
2228 2689 2334 2770 liguria

297 2771 443 2934 pipg’cnpt,
456 2774 605 2918 ppnpepa
623 2773 817 2934 qqpffipppqq,
829 2773 1226 2936 sppippprquaiignpneorum,
1254 2785 1332 2850 qnae
1353 2769 1423 2831 alubi
1444 2789 1563 2850 proprio
1584 2789 1723 2834 sermone
1743 2773 1899 2853 ducemur,
1925 2791 1986 2834 non
2013 2785 2050 2895 ut
2067 2774 2223 2836 oll‘cndant
2244 2785 2334 2834 tene-

426 2973 480 3034 llis
501 2975 598 3034 verbis
619 2972 756 3034 Strobelii
777 2974 852 3033 liber
873 2974 987 3038 linitur·

425 3092 473 3151 Ex
493 3093 631 3172 Corporia
652 3089 725 3153 lucia
747 3090 838 3153 ludici
860 3093 964 3153 harum
989 3091 1206 3152 Praefationum
1228 3108 1248 3149 a
1268 3088 1416 3151 Strobelio
1439 3091 1627 3153 collectarum
1649 3111 1739 3174 auprn
1759 3093 1913 3173 adscriptis
1934 3080 2127 3176 intelligitur,
2157 3115 2208 3157 eaa
2228 3117 2336 3160 omnes

299 3175 517 3320 ἰὲιιωὲιὶἓιιιίιιι
540 3177 679 3257 Corporia
699 3179 779 3238 voli.
798 3177 921 3241 l-lX.
945 3195 1010 3237 ease
1035 3177 1197 3253 exhibitas,
1223 3175 1336 3235 duabus
1357 3178 1508 3255 exceptis,
1534 3178 1645 3252 scilicet
1665 3178 1899 3241 Praelationibua
1920 3181 1974 3242 Vl.
1997 3191 2028 3240 et
2050 3181 2133 3259 XX„
2159 3199 2230 3261 quaa
2252 3201 2339 3243 nunc

344 3711 401 3771 No.
424 3709 457 3772 d.
1101 3734 1178 3776 anno
1195 3713 1291 3780 tuat.
1343 3730 1458 3786 tecum
1483 3716 1702 3810 expostules,
1736 3717 1937 3790 miserearis
1966 3719 2141 3805 aliorum,
2167 3723 2232 3792 tihi
2254 3747 2334 3792 suc-

306 3789 478 3820 Ἃ
1114 3797 1284 3826 Q&
1948 3808 1951 3816 ⁴
2192 3805 2196 3816 ”

1282 3875 1289 3886 .
1344 3841 1506 3902 censeas,
1532 3831 1567 3889 te
1590 3843 1752 3904 accuses,
1778 3835 1845 3911 pro
1862 3845 1898 3891 se
1915 3822 2066 3917 quisque
2082 3847 2211 3915 magna
2230 3825 2332 3895 abu-

1314 3957 1319 4030 p
1342 3923 1398 3992 lae
1415 3917 1520 3994 huius
1539 3944 1624 4014 pars
1643 3945 1786 4006 sumus,
1811 3923 1884 3993 suis
1899 3925 2049 4018 quisque
2069 3926 2166 3998 vitiis
2181 3939 2242 3996 eta
2260 3950 2332 3995 no-

367 4025 512 4080 rrartatto
529 4027 558 4079 tn
575 4029 675 4081 iterun
693 4029 735 4081 ato
750 4031 929 4096 nacnptnnr
946 4035 1115 4089 uterentur
1129 4037 1293 4104 arpinas
1315 4035 1319 4122 l
1342 4023 1397 4094 bis
1417 4036 1452 4093 et
1473 4049 1493 4092 a
1513 4023 1651 4118 reliqua
1669 4023 1812 4098 ecclesia
1835 4023 1950 4095 Deum
1974 4027 2184 4102 alienamus.
2229 4027 2332 4100 Haec

402 4096 913 4236 ixmh⁰¹i¹i¹22f)0f'2(¹¹ssffi²i
934 4097 1177 4172 Wimfflh
1196 4120 1293 4160 ’Μ’
1316 4129 1319 4150 ”
1344 4126 1482 4196 utinam
1514 4129 1611 4218 apud
1635 4139 1671 4196 te
1702 4130 1902 4220 expendas,
1934 4153 2014 4198 curn
2044 4126 2140 4202 hunc
2170 4131 2330 4201 lilellum

1344 4228 1382 4297 in
1420 4251 1547 4301 manus
1580 4229 1768 4321 acceperis.
1827 4229 1894 4300 Sed
1919 4254 1941 4298 o
1969 4232 2120 4306 miseros
2149 4257 2229 4315 ncs,
2262 4235 2330 4327 qui

706 3887 894 3954 Lectori.

460 4293 638 4381 Ριιιιρρω
661 4295 903 4394 neumata„
930 4298 1065 4366 uecors
1090 4299 1131 4368 r.

399 4424 511 4508 Ecce,
544 4425 595 4494 mi
621 4427 753 4510 lector,
789 4429 1053 4500 acerbissimam
1087 4431 1290 4504 Hieremiae
1343 4431 1473 4528 tiarnus
1492 4435 1657 4528 quidem,
1685 4459 1774 4529 quos
1800 4435 1851 4506 sic
1872 4435 2059 4537 fascinayit
2081 4439 2260 4530 impietas,
2285 4453 2332 4510 ut
2456 4453 2457 4490 ³

1342 4335 1560 4423 usqueadeo
1578 4332 1819 4420 occultaturus,
1839 4347 1879 4404 ut
1895 4334 1985 4412 tanti
1999 4337 2087 4406 mali
2102 4335 2231 4406 virnne
2246 4359 2330 4405 sen·
2456 4407 2457 4440 ,

298 4529 500 4624 querelam,
527 4529 589 4623 qui
601 4527 779 4600 Ecclesiae
794 4531 970 4601 excidium
993 4544 1028 4601 et
1041 4529 1219 4604 horrenda
1236 4537 1290 4605 di·
1313 4539 1317 4606 l
1342 4535 1567 4619 erubescere,
1600 4535 1904 4631 quemadmodum
1928 4537 2128 4612 Hieremias
2154 4541 2332 4633 queritur,
2456 4549 2457 4564 ¹

297 4630 403 4702 vinae
426 4631 689 4724 irae'exempla
715 4633 890 4725 deplorat.
943 4633 1034 4703 Sunt
1066 4647 1186 4706 autern
1213 4663 1289 4709 non
1313 4611 1317 4702 i
1340 4661 1571 4732 nequeamus.
1623 4638 1780 4710 Verbum
1797 4639 1867 4709 Dei
1887 4642 1995 4733 paulo
2013 4657 2095 4712 ante
2118 4643 2211 4712 velut
2229 4641 2331 4711 Cim·

296 4757 425 4826 parum
442 4733 564 4821 multi,
590 4733 654 4829 qui
679 4746 742 4804 aut
759 4736 797 4804 in
816 4737 925 4806 tantis
936 4736 1044 4832 malis
1063 4741 1178 4808 securi
1192 4739 1288 4832 plus·
1311 4727 1316 4845 l
1341 4739 1462 4811 mariis
1478 4740 1633 4812 tenebris
1656 4743 1824 4813 obrutum
1847 4744 2001 4838 latebat,
2024 4770 2156 4839 nuper,
2182 4757 2331 4836 postea·

298 4862 405 4930 quam
423 4838 547 4908 ferreis
565 4836 694 4909 animis
709 4838 802 4910 senis
818 4834 924 4909 huius
940 4835 1142 4934 lachrymas
1158 4843 1288 4928 rident,
1312 4869 1315 4890 ·
1340 4868 1447 4936 quarn
1473 4845 1617 4916 emersit
1636 4846 1766 4916 iterum
1791 4845 1915 4915 divino
1943 4847 2133 4934 beneficio,
2159 4849 2331 4934 vertitur,

299 4951 362 5007 aut
394 4941 535 5032 tragicis
569 4939 785 5012 clamoribus
809 4941 962 5011 aliorum
994 4943 1082 5012 vitia
1109 4945 1287 5030 accusant,
1339 4957 1379 5016 ut
1393 4941 1557 5016 Ezechiel
1579 4947 1648 5030 ait,
1672 4947 1710 5016 in
1733 4947 1911 5030 canticum
1927 4949 2020 5034 oris,
2045 4948 2329 5044 quotusquisque

298 5065 360 5112 sua
385 5040 621 5115 dissimulant.
673 5044 747 5115 Nec
779 5040 816 5113 hi
839 5043 996 5136 primurn
1021 5044 1109 5116 foris
1130 5047 1288 5140 sapiunt,
1340 5047 1392 5116 rei
1415 5049 1568 5142 prelium
1586 5050 1813 5122 consideret?
1840 5053 2119 5148 quotusquisque
2142 5055 2188 5122 ad
2209 5051 2330 5144 pieta-

297 5142 428 5214 deinde
445 5146 694 5236 gravissimum
711 5146 860 5230 malum,
877 5149 963 5218 dum
979 5147 1114 5221 mederi
1131 5152 1288 5237 student,
1338 5163 1409 5219 tem
1439 5151 1599 5221 animum
1635 5151 1782 5234 adiicit?
1816 5179 1896 5223 eum
1930 5155 2066 5236 interea
2091 5153 2155 5224 uei
2187 5179 2330 5226 nomen

300 5245 505 5316 exulcerant
528 5260 634 5342 atque
660 5249 891 5331 exacerbant;
917 5252 1066 5322 domurn
1089 5277 1174 5323 vero
1197 5253 1286 5324 Pro·
1338 5277 1445 5324 nemo
1464 5278 1539 5323 non
1556 5250 1741 5324 haheatin
1760 5253 1850 5326 ore?
1891 5257 2008 5330 Porro
2032 5257 2062 5329 si
2080 5283 2181 5356 quem
2197 5257 2331 5330 Hiere-
2456 5327 2457 5346 ,

297 5343 405 5440 pheta
420 5363 454 5420 te
472 5351 635 5437 deducit,
660 5365 700 5422 ut
723 5366 757 5422 te
780 5353 950 5443 explices,
977 5354 1014 5422 in
1033 5366 1067 5424 te
1083 5355 1275 5427 descendas
1338 5356 1431 5424 miae
1456 5351 1661 5449 lachrymae
1689 5372 1856 5446 mouent,
1895 5359 1926 5432 is
1955 5385 1998 5432 ex
2017 5355 2226 5432 hoclibello
2248 5386 2332 5436 uon
2456 5349 2457 5402 ἶ
