4910 5964
149 2761 164 2776 .
304 2691 337 2749 et
354 2691 544 2755 contentae
558 2680 683 2752 nativa
699 2681 789 2754 facie
802 2695 1018 2776 spreverunt
1032 2682 1167 2753 fucum.

298 238 376 316 ddd
925 235 1050 318 uult.
1077 237 1193 315 unt..
1220 237 1424 315 SCRIPTA
1449 237 1719 315 IIIS'I'OIIIGA.
2267 235 2346 314 sat

299 439 347 486 an
363 413 576 486 comedisset
598 413 757 509 aliquid,
788 413 879 484 dixit
903 412 1091 486 advenisse
1114 413 1296 508 quendam
1352 415 1470 485 bonus
1500 410 1612 484 bomo
1642 415 1836 485 emendare
1865 412 2012 506 cupiens
2043 411 2193 506 scripsit·
2213 411 2350 498 literas,

298 517 440 602 virum,
466 513 530 611 qui
543 514 836 616 perrexissem)
850 516 921 612 sibi
933 527 1079 611 panem.
1130 513 1185 588 Ita
1199 513 1301 588 band
1353 517 1484 612 quibus
1507 517 1653 610 petebat
1674 539 1835 589 sororem
1852 511 2096 609 Imperatoris.
2145 511 2350 608 Imperator

299 619 408 694 dubie
424 617 599 691 divinitus
614 632 847 693 conservatus
861 632 926 694 est.
1296 633 1299 639 '
1353 644 1457 691 more
1474 619 1582 692 solito
1597 619 1810 713 obsignabat
1825 620 1947 690 literas
1962 642 2037 688 non
2057 617 2252 712 perlectas,
2274 642 2350 712 quo

1352 723 1447 796 iacto
1472 723 1684 794 ostendebat
1706 723 1761 794 vir
1783 719 1848 798 bas
1868 722 1991 794 literas
2012 721 2153 814 puellae
2175 719 2352 793 Caesaris.

1351 822 1432 920 Ipsa
1450 825 1540 897 adiit
1551 828 1700 896 fratrem
1718 849 1914 922 quaerens,
1940 847 2005 896 cur
2026 849 2064 896 re
2084 823 2188 894 alteri
2211 847 2253 894 ac
2273 846 2353 892 non

368 925 628 1000 Celebrabatur
645 928 684 1002 in
692 927 845 1000 Graecia
861 926 1068 999 convivium
1081 927 1205 1000 multis
1221 925 1301 998 mul
1352 929 1479 1002 saltem
1490 927 1558 1028 ⁸⁹¹)
1580 929 1694 1000 nobili
1720 929 1963 1022 desponderit.
2014 925 2131 1020 Negat
2145 923 2353 1020 Imperator

298 1028 448 1102 lieribus
464 1031 646 1126 frequens.
684 1029 1060 1102 luteroblectamenta
1075 1030 1300 1126 epulantium
1351 1033 1507 1118 iactum,
1540 1034 1752 1116 adseruntur
1775 1033 1922 1117 literae,
1955 1029 2112 1102 vincitur
2134 1028 2352 1124 Imperator,

300 1158 381 1205 cum
401 1132 463 1202 alii
478 1146 564 1205 sunt
583 1127 693 1207 lusus
705 1135 865 1220 inducti,
890 1147 967 1206 tum
988 1133 1069 1218 ille,
1096 1147 1138 1206 ut
1159 1158 1225 1228 per
1248 1132 1301 1204 vi-
1353 1135 1462 1212 etiam
1477 1134 1909 1209 com‘monesaccusnullas
1923 1133 2045 1209 literas
2061 1133 2133 1206 nisi
2148 1143 2255 1204 antea
2271 1155 2353 1226 per-

301 1261 357 1308 ces
372 1235 619 1332 unusquisque
635 1237 872 1320 convivarum
889 1235 1094 1336 eaeterisffl)
1119 1237 1302 1324 omnibus,
1352 1239 1462 1310 lectar
1482 1239 1697 1331 obsignavit.

300 1339 472 1435 quicquid
505 1353 596 1412 esset
623 1340 789 1427 libitum,
823 1341 1032 1434 imperaret.
1093 1339 1186 1412 Cum
1211 1352 1303 1412 esset
1821 1341 1824 1348 ’

300 1455 449 1513 ventum
466 1443 513 1512 ad
529 1443 688 1536 puellam
706 1445 888 1539 quandam
914 1443 1047 1538 insigni
1070 1441 1244 1540 specieffl)
1266 1455 1302 1514 et
1375 1433 1559 1510 ccxxvi
1597 1435 1661 1508 De
1688 1437 1934 1530 capitaneo
1960 1435 2050 1509 sibi
2073 1437 2339 1510 somnianti

300 1544 447 1638 ingenio
463 1569 539 1614 non
558 1547 777 1639 inamoeno,-
799 1571 914 1643 eaque
930 1543 1301 1642 animadvertisseti')
1709 1536 1804 1612 Phil.
1829 1539 1915 1612 Mel.
1923 1536 1998 1637 ¹⁸¹).

301 1649 424 1720 adme
446 1651 649 1768 ⁶⁰⁰iplur⁰⁸
671 1649 935 1756 heminarum
967 1673 1131 1738 ‘emm’
1163 1673 1302 1744 Purpu'
1438 1691 1541 1766 'Fuit
1554 1693 1703 1790 quidam
1726 1694 1955 1789 capitaneus,
1983 1693 2045 1792 qui
2068 1695 2239 1766 amiserat
2262 1695 2354 1766 duos

299 1751 391 1824 risso
417 1763 453 1822 et
474 1752 554 1825 alus
575 1754 769 1846 pigmentis
790 1755 1029 1838 incrustatas,
1055 1753 1101 1822 ad
1122 1754 1301 1864 pudorem
1353 1794 1428 1865 filio

303 1855 312 1872 .
404 1853 413 1870 .
729 1857 738 1875 .
820 1857 829 1875 .
1020 1855 1029 1874 .
1430 1797 1503 1866 sin
1518 1821 1639 1891 pugna
1657 1796 1832 1882 Turcica,
1859 1822 1968 1894 quem
1988 1795 2125 1870 tristem
2152 1797 2353 1894 aliqnando

301 1856 567 1937 incutiendum:
594 1855 700 1942 Rem,
727 1871 860 1956 inquit,
886 1857 1001 1927 levem
1017 1855 1166 1978 iubebo²
1191 1879 1301 1951 quarn
1354 1898 1650 1993 interrogabam:
1699 1899 1858 1972 Domine
1899 1897 2113 1992 capitanea
2164 1903 2353 1998 quomodo

1355 2003 1545 2077 somniatis
1576 2006 1621 2075 de
1651 2003 1725 2074 lilio
1754 2001 1901 2077 vestro?
1959 2001 2180 2098 Respondit:
2221 2003 2352 2074 Dicam

1354 2104 1470 2176 vobis.
1541 2094 1669 2177 lu'nior
1694 2103 1812 2179 adhue
1841 2107 1953 2190 vivit,
1992 2108 2056 2178 sed
2085 2105 2205 2176 maior
2232 2107 2352 2200 periit.

1354 2205 1495 2279 Accidit
1513 2221 1654 2294 autem,
1679 2222 1721 2281 ut
1735 2209 1859 2304 paucis
1877 2209 2003 2282 diebus
2020 2208 2136 2283 linitis
2156 2223 2353 2282 revertere·

411 787 580 862 CCXXII.
620 789 682 862 De
707 791 882 896 fucatis
908 789 1196 864 mulieribus.

301 1958 430 2050 etipsa
445 1957 554 2029 obibo
569 1959 708 2052 prima,
731 1974 773 2034 ut
787 1984 1027 2056 unaquaeque
1043 1970 1210 2030 nostrum
1227 1982 1303 2029 ma-

302 2059 406 2132 didas
422 2083 551 2134 manus
565 2087 631 2156 per
641 2062 993 2154 oscircumducatac
1007 2062 1121 2134 linteo
1130 2074 1302 2154 extergat.

300 2160 381 2256 Ipsa
396 2164 515 2256 prima
529 2179 582 2238 est
597 2191 702 2238 suum
719 2165 831 2264 ipsius
845 2165 981 2239 iussum
988 2164 1050 2264 ⁰⁸¹)
1067 2177 1228 2249 executa,
1240 2165 1303 2238 sed

302 2291 385 2340 ‘⁰¹¹¹
408 2261 503 2388 ¹¹spss
527 2282 668 2360 ΨΜ
689 2271 781 2354 [⁰⁰5³
815 2294 858 2344 ²¹
877 2267 1015 2391 ¹⁰5⁰f¹⁰
1034 2269 1096 2388 in?
1115 2263 1303 2389 Ρυιώῗίοἷ
1354 2321 1416 2381 ῑιιι·
1431 2311 1536 2384 lilius.
1588 2311 1727 2384 Similia
1742 2312 1883 2386 somnia
1900 2309 2147 2384 babuitlacob
2163 2314 2208 2384 de
2224 2309 2352 2408 losepb

300 2383 493 2453 remans1t;
518 2373 659 2444 fucatae
676 2398 763 2445 vero
778 2373 952 2446 absurdas
965 2397 1006 2442 sn
1022 2397 1151 2465 primis
1166 2383 1203 2442 et
1215 2373 1304 2442 rsdr·
1356 2411 1432 2483 fflio
1452 2438 1530 2486 suo·

303 2475 400 2544 sulas
415 2473 525 2546 facies
539 2476 761 2561 retulerunt,
792 2475 1024 2570 ludibrioque
1051 2487 1137 2546 tunc
1158 2469 1304 2544 habitae

303 2576 556 2648 abstinuerunt
568 2577 737 2672 deinceps
752 2580 798 2650 ab
821 2577 1001 2652 eiusmodi
1018 2577 1304 2664 medicamentis,
1389 2617 1589 2691 ccxxvfl·
1628 2617 1747 2689 mab
1757 2620 1833 2692 01⁰
1840 2645 1858 2693 ι
1883 2645 1907 2714 p
1916 2635 2038 2695 otest
2063 2624 2192 2720 aliqu
2203 2649 2224 2694 a
2232 2649 2261 2694 u
2269 2626 2321 2696 do

1622 2723 1898 2794 miraculum
1926 2726 2086 2798 iacere.

419 2832 605 2908 CCXXIII.
649 2834 712 2907 De
737 2835 893 2908 iudice
919 2833 1188 2926 Hispanico.

407 2968 608 3043 Commissa
623 2973 861 3052 eruendos
887 2963 1103 3066 deprehensi
1117 2983 1215 3055 sunt,
1241 2967 1305 3065 qui
1357 2980 1574 3066 curabilem,
1593 3004 1704 3076 auae
1731 2981 1929 3077 aliquando
1962 2984 2159 3062 somniavit
2189 2986 2349 3060 rubrae

303 3085 410 3142 erant
423 3073 598 3165 stupeclh
625 3097 751 3146 verum
769 3098 850 3146 cum
868 3097 994 3144 omnes
1013 3086 1220 3146 constanter
1242 3096 1305 3142 ne·
1356 3083 1427 3158 ribi
1446 3081 1623 3154 Venerem
1648 3084 1860 3157 offerentem
1881 3111 2057 3161 coronam
2079 3089 2282 3174 tonicam,
2312 3099 2350 3160 ut

276 3171 450 3268 'garent,
476 3175 584 3268 iudex
600 3179 739 3248 nutlare
757 3201 819 3252 eos
834 3189 958 3270 pectus
980 3174 1114 3269 coegit,
1148 3189 1183 3248 et
1206 3187 1304 3248 tactu
1357 3211 1398 3258 ea
1428 3210 1466 3258 se
1496 3198 1659 3278 ungeret.
1727 3185 1899 3283 Sequenti
1932 3191 1991 3262 die
2018 3191 2138 3284 puella
2167 3191 2292 3266 abiens
2312 3191 2349 3262 in
2434 3179 2435 3210 ²

304 3301 348 3348 ex
363 3283 469 3351 motu'
482 3303 546 3351 seu
562 3279 670 3372 pulsu
691 3282 810 3353 cordis
828 3276 1036 3351 vehementi
1058 3281 1302 3352 coniecturam
1356 3290 1531 3382 remplum
1566 3289 1658 3360 vidit
1691 3290 1731 3362 iu
1764 3291 1904 3383 pictura
1938 3318 2121 3372 ‚coronam
2162 3296 2347 3376 tonicam,

304 3379 498 3481 autoris⁸⁰)
528 3383 614 3454 lecit
643 3396 681 3454 et
703 3385 811 3456 dixit:
848 3381 909 3455 'I'u
932 3406 989 3468 es,
1029 3381 1094 3478 qui
1125 3381 1306 3456 commisit
1357 3417 1467 3488 quam
1499 3392 1645 3476 abstulit
1665 3406 1700 3463 et
1727 3417 1770 3464 ex
1792 3419 1833 3466 ea
1862 3409 2085 3489 unguentum
2116 3395 2345 3490 comparavit,

306 3486 464 3558 caedem.
532 3485 601 3558 Hic
625 3487 710 3582 quia
734 3487 804 3560 sibi
825 3483 991 3561 conscius
1006 3495 1092 3557 erat
1116 3501 1151 3560 et
1175 3512 1195 3557 a
1220 3511 1306 3561 con·
1357 3495 1458 3568 cuius
1481 3499 1652 3568 unctione
1674 3495 1796 3567 statim
1818 3497 1970 3570 liberata
1994 3514 2047 3573 est
2067 3525 2089 3571 a
2112 3501 2240 3574 scabie.
2291 3497 2346 3570 Ea

305 3588 453 3661 scientia
470 3587 586 3662 victus
600 3591 849 3664 confitebatur.
1358 3597 1528 3692 cogitatio
1543 3613 1596 3672 est
1612 3623 1655 3686 ex
1672 3598 1845 3674 instinctu
1860 3601 2063 3692 diabolico,
2077 3605 2151 3702 qni
2164 3605 2268 3680 nevit
2282 3603 2349 3676 dis·
2433 3615 2434 3659 t

443 3743 640 3833 ccxxffll·
677 3745 1169 3855 Ciceroprop-Roscio·
1330 3698 1951 3784 :criminaetvirtutesberbarum

409 3894 493 3968 Puit
521 3899 729 3974 interiectus
754 3900 792 3971 in
824 3901 989 3976 cubiculo
1013 3924 1079 3974 suo
1107 3914 1231 3994 pater,
1271 3914 1308 3971 et
1410 3903 1625 3981 ccxxvtll.
1663 3907 1724 3980 De
1752 3909 1930 3983 vestitu
1955 3911 2304 3986 Germanorum.

306 4024 414 4071 nemo
431 4001 625 4088 dormivit,
650 4004 722 4075 nisi
738 4008 811 4076 duo
826 4004 911 4090 filii,
936 4017 973 4076 et
988 4003 1140 4101 'quando
1162 4002 1306 4076 cubicu-

305 4104 381 4176 lum
396 4118 450 4178 est
471 4119 657 4199 apertum,
682 4107 867 4181 intrarunt
885 4109 1050 4202 cognati,
1072 4105 1137 4202 qui
1157 4121 1307 4202 putave-

284 4210 1307 4330 ,Qmmffimmmfflfflffi

1460 4059 1539 4132 Ilex
1553 4060 1756 4137 'I'urcarum
1774 4063 1877 4138 iussit
1889 4064 1960 4138 sibi
1972 4065 2172 4162 aliquando
2187 4066 2348 4138 omnium

1358 4165 1517 4257 gentium
1535 4159 1679 4238 habitus
1694 4168 1807 4260 pingi.
1845 4166 1948 4239 :Cum
1966 4168 2090 4266 itaque
2105 4169 2225 4262 pictor
2238 4168 2347 4264 pluri·

306 4313 446 4383 inventi
461 4327 546 4385 sunt
560 4315 802 4402 dormientes,
826 4341 912 4412 ergo
929 4341 1005 4390 non
1021 4327 1304 4388 consentaneum
1357 4265 1543 4388 marum¹)
1565 4281 1725 4360 gemm
1741 4283 1910 4393 imum
1930 4275 2171 4396 d‘pmmft’
2204 4275 2347 4344 undem

1357 4384 1474 4463 pmgst
1502 4373 1640 4444 nudum
1662 4369 1850 4446 bominem
1871 4387 1905 4446 et
1928 4388 2026 4449 iuxta
2050 4401 2175 4452 versos
2200 4377 2348 4459 colores,

1357 4487 1481 4567 postea
1496 4475 1623 4548 artilex
1641 4501 1661 4548 a
1680 4503 1765 4572 rege
1778 4479 1894 4552 iussus
1913 4480 2146 4574 interpretari
2160 4481 2348 4574 picturam,

1358 4601 1512 4674 comque
1542 4581 1703 4672 exposita
1726 4581 1875 4656 briannt
1899 4585 2101 4681 caetara‘),
2130 4585 2244 4670 dixit,
2278 4585 2347 4658 llu-

456 4691 624 4765 ccxxv,
662 4693 763 4772 go„
789 4687 1157 4788 ὓῃαῴῑῐωῃῑρῑι,
1358 4683 1445 4752 dnm
1462 4681 1563 4755 illum
1580 4685 1803 4758 Germanum
1828 4711 1924 4773 esse,
1958 4688 2127 4759 cuicerta
2150 4689 2272 4760 torma
2293 4709 2346 4756 re·

1357 4787 1461 4858 stitus
1475 4785 1576 4880 pingi
1588 4812 1663 4862 non
1681 4789 1813 4884 possit,
1841 4791 1925 4886 quia
1948 4791 2110 4887 quotidie
2132 4815 2271 4863 novam
2296 4813 2346 4860 ex·

306 4428 361 4487 est
390 4415 471 4487 illos
498 4417 633 4489 iecisse
649 4422 815 4506 caedem,
852 4419 938 4517 quia
970 4445 1080 4492 nemo
1106 4413 1305 4491 homicidio

305 4531 517 4614 perpetrato
532 4522 693 4594 dormire
708 4535 840 4616 potest.

386 4827 615 4906 Theodosius
632 4803 726 4903 filius
741 4831 862 4905 literas
876 4829 945 4903 sibi
961 4831 1100 4904 oblatas
1116 4828 1305 4922 obsignare
1426 4889 1436 4906 .
1497 4889 1515 4933 ⁸

307 4935 433 5008 solitus
458 4949 509 5007 est
535 4936 641 5008 etiam
664 4960 740 5008 non
763 4935 949 5029 perlectas.
1012 4933 1120 5008 Hunc
1143 4955 1304 5006 errorem
1356 4902 1490 4982 (ΨΜ
1514 4887 1543 4990 )

343 5133 412 5202 tot)
430 5085 615 5204 porrexisset]
634 5138 719 5191 cod:
744 5139 910 5201 porrexerat
1041 5111 1044 5117 ¹
1389 5137 1459 5200 w)
1477 5149 1533 5190 non
1549 5138 1667 5197 utun]
1686 5135 1771 5191 (leda
1794 5137 1907 5190 seim
1952 5101 1970 5159 ι’

342 5205 392 5266 ”l
410 5205 543 5274 moris]
561 5209 645 5261 θοὰ-τ
670 5207 830 5258 amusos
1392 5223 1458 5284 roo)
1475 5223 1543 5278 eur.
1559 5223 1640 5284 use]
1658 5221 1742 5274 coc:
1766 5235 1799 5288 φ.
1818 5223 1856 5274 re

343 5275 379 5395 g
410 5275 775 5406 :iiiiiiviii'sisiiboae
801 5335 974 5398 iareruusr
1329 5365 1331 5374 ,
1392 5311 1424 5369 ¹)
1442 5309 1639 5376 plurmum]
1658 5307 1743 5363 ⁰⁰42
1768 5307 1947 5372 ituris-orus·

344 5416 413 5476 oss)
425 5409 552 5475 'insensu
571 5413 655 5466 coes
678 5413 724 5464 ins
1391 5397 1424 5455 θ)
1443 5397 1570 5462 exposita
1588 5395 1711 5448 luissent
1729 5389 1856 5462 caetere]
1873 5391 1958 5447 code
1982 5402 2053 5456 erpo
2071 5391 2173 5446 totsset
2189 5397 2300 5446 oesoero

343 5483 391 5545 99)
410 5481 534 5554 sutoris]
551 5483 633 5537 coer
659 5483 769 5536 sutton
1067 5516 1069 5522 -
1391 5481 1423 5552 t)
1443 5480 1592 5552 sxmrttet]
1611 5483 1697 5538 cod:
1722 5483 1862 5548 excogttst

1460 2875 1546 2949 Fuit
1567 2876 1654 2954 olim
1676 2877 1796 2971 puella
1813 2873 1950 2952 habens
1962 2881 2119 2954 scabiem
2133 2881 2173 2953 in
2190 2881 2284 2954 iacie
2299 2881 2346 2952 in-
2435 2933 2436 2961 ,
