4920 5956
102 265 181 340 718

155 435 327 508 'docum
354 436 478 507 aliae
505 437 761 530 simplices,
796 439 922 510 aliae
942 463 1056 514 eom·

507 539 704 614 iunctae.

210 669 428 746 Thematum
444 673 512 743 alia
527 675 748 768 simplicibus
761 677 908 748 vocibus
923 688 1099 760 constant,

101 793 144 850 ut
167 780 261 850 side
281 775 440 862 lustitia,
467 777 540 872 et')
561 777 749 864 Amicitia,
776 781 820 849 de
835 779 944 857 Pebri
965 803 1099 872 propo-

102 893 231 952 natur:
264 881 333 950 alia
357 881 521 950 oratione
543 895 727 966 coustant,
760 893 800 954 ut
821 881 898 953 iure
921 907 966 952 ne
984 906 1030 952 an
1045 880 1099 951 in-

102 985 198 1056 iuria
218 981 383 1053 Clodium
401 981 490 1051 Milo
515 983 703 1066 occiderit;
736 984 828 1055 sitne
853 1011 945 1056 uxor
968 986 1099 1056 ducen-

102 1089 172 1178 da,
194 1109 241 1156 an
256 1110 351 1165 non;
378 1085 469 1157 sitne
483 1081 642 1158 iustitiae
657 1111 742 1181 pars
758 1086 929 1173 amicitia,
950 1113 996 1158 an
1011 1111 1098 1158 non.

103 1189 214 1282 Quod
230 1185 428 1258 thematum
446 1187 637 1259 discrimen
653 1191 723 1260 nisi
746 1191 932 1272 observes,
959 1190 1099 1283 pericub

102 1293 179 1362 lum
198 1303 281 1376 est,
314 1315 359 1360 ne
381 1315 448 1362 usu
472 1315 591 1364 rerum
614 1293 883 1366 dialecticarum
906 1294 1098 1368 frustreris.

101 1393 198 1464 Nam
222 1393 292 1462 alia
312 1393 514 1464 dialectices
530 1418 614 1486 pars
631 1395 850 1489 simplicibus
866 1397 1013 1469 vocibus
1026 1420 1098 1467 ser-

102 1497 170 1579 vit,
182 1495 250 1565 alia
269 1494 486 1576 coniunctis;
504 1495 575 1566 iam
591 1499 863 1568 coniunctorum
879 1512 1008 1570 natura
1026 1499 1099 1568 exi-

102 1599 175 1692 git,
204 1609 244 1670 ut
259 1598 398 1670 solutae
411 1612 626 1670 revocentur
642 1603 688 1670 ad
703 1599 903 1686 methodos,
930 1616 965 1672 et
981 1627 1098 1674 amus·

101 1701 172 1772 sim
201 1700 438 1793 simplicium,
471 1701 599 1771 necin
622 1703 866 1789 orationibus,
898 1705 987 1799 quid
1008 1704 1098 1790 veri,

103 1803 191 1900 quid
225 1805 304 1874 falsi
334 1803 437 1888 insit,
480 1801 745 1898 deprehendes,
784 1807 854 1878 nisi
881 1807 1096 1902 simplicium

103 1931 233 1977 vocum
255 1919 405 1978 naturas
432 1907 579 2001 proprie
603 1909 806 1982 excusseris.

358 2077 528 2172 Capita·
556 2079 851 2154 Dialecticess

208 2213 356 2310 Summa
380 2215 584 2287 dialecticae
607 2219 724 2310 capita
748 2220 815 2288 tria
838 2233 942 2303 sunt,
968 2219 1097 2304 buitio,

101 2315 235 2389 divisio
260 2332 295 2387 et
322 2319 597 2410 argumentatio.
661 2321 797 2391 Finitio
831 2335 865 2392 et
892 2323 1021 2396 divisio
1050 2325 1098 2392 ad

100 2421 283 2513 simplices
301 2446 404 2492 voces
423 2423 623 2514 pertinent,
658 2426 921 2514 argumentatio
945 2429 991 2495 ad
1016 2451 1097 2498 ora·

101 2525 254 2597 tionem.
306 2523 588 2621 Meminerisque
609 2526 675 2597 tibi
689 2523 745 2598 his
765 2528 942 2599 dialectici
955 2530 1097 2600 artificii

100 2626 221 2699 modis
254 2651 345 2720 opus
372 2629 452 2698 lore
484 2629 524 2698 in
551 2631 651 2700 omni
685 2653 814 2724 genere
843 2644 916 2702 tam
950 2633 1097 2718 artium,

102 2755 212 2829 quam
242 2731 402 2804 civilium
430 2755 657 2820 caussarum,
687 2734 750 2806 nbi
778 2734 865 2830 qnid
885 2737 1097 2822 finiendum,

101 2836 359 2922 dividendum,
385 2837 690 2923 confirmandum,
716 2839 1034 2926 consistendumve,
1056 2852 1099 2914 ut

102 2940 217 3012 multa
239 2939 377 3022 solent,
401 2939 580 3026 inciderit.

294 3105 366 3179 De·
386 3107 572 3182 vocibus
598 3107 905 3205 simplicibus.

204 3243 392 3336 Principio
413 3247 593 3318 studiosos
611 3247 815 3332 admoneo,
837 3246 878 3316 in
900 3245 1097 3318 tractandis

102 3347 297 3420 dialecticis
319 3343 412 3420 nibil
432 3373 492 3420 me
511 3361 738 3433 secuturum,
761 3348 832 3420 nisi
847 3373 919 3444 quo
936 3345 1096 3420 humana

103 3451 197 3522 ratio
212 3452 343 3537 ductu,
369 3476 512 3548 quaque
532 3452 610 3536 via,
637 3476 868 3547 quascunque
881 3475 940 3525 res
955 3465 1039 3546 apte
1055 3476 1098 3524 ac

102 3556 252 3648 proprie
275 3553 436 3648 vestiget.
486 3555 668 3640 Proinde,
698 3579 914 3652 quocunque
939 3552 1097 3629 themate

102 3658 312 3752 proposito,
352 3681 475 3730 nonne
505 3681 607 3731 meos
636 3655 796 3733 homnis
818 3659 977 3751 primum
999 3683 1097 3737 vocas

101 3761 401 3853 significationem
425 3761 715 3856 contemplaturi
766 3761 864 3853 Ergo
886 3787 968 3835 cum
988 3787 1097 3860 quae·

102 3865 174 3937 stio
197 3864 265 3949 sit,
294 3863 381 3958 quid
403 3889 537 3936 nomen
558 3865 752 3956 significet,
784 3865 941 3958 primum
965 3867 1097 3941 consti·

102 3969 237 4038 tuenda
272 3979 326 4040 est
353 3969 392 4039 in
424 3969 525 4040 omni
551 3968 794 4060 disputatione
819 3981 915 4038 certa
938 3969 1096 4039 nominis

102 4069 337 4163 significatio,
372 4096 418 4142 ne
447 4095 516 4167 qua
546 4072 593 4144 sit
614 4073 654 4140 in
678 4095 765 4140 voce
790 4071 1025 4164 ambiguitas,
1057 4071 1098 4144 fil

102 4187 224 4244 autem
243 4173 281 4243 id
296 4173 460 4245 linitione
475 4174 658 4258 nominis,
679 4185 720 4244 ut
733 4185 875 4244 rorant

311 4337 374 4417 De
408 4345 636 4418 linitione
670 4343 880 4415 nominis.

206 4481 343 4554 Finitis
375 4483 534 4556 nominis
560 4497 612 4556 est
642 4483 816 4576 expositio
849 4481 1096 4574 grammatica,

600 263 677 341 Vll.
730 265 1101 344 somnulenta
1131 267 1446 344 umectans
1476 273 1641 349 Rh'l'lo.

2070 283 2148 360 us
2222 391 2226 399 .

1152 444 1324 534 magistra
1341 445 1528 544 certi‹ot¹)¹
1540 447 1683 540 proprii
1695 451 1890 538 sermonis,
1917 453 1967 524 ita
1982 457 2153 530 eandm

1152 545 1306 618 minime·
1319 569 1425 620 voces
1440 549 1627 640 ambiguas
1643 553 1811 626 adnsittit.
1940 614 1941 622 ,

1551 719 1738 814 Regula.

1254 853 1370 927 Voces
1401 857 1590 948 ambiguas
1622 858 1805 930 dialectica
1839 863 2042 955 proprietas
2068 889 2145 936 non

1151 956 1289 1050 recipit.

1441 1091 1502 1163 De
1528 1093 1748 1169 finitione
1775 1099 1853 1170 rei.

1251 1229 1470 1324 Postquam,
1498 1231 1584 1326 quid
1608 1257 1748 1310 nomen.
1762 1236 1960 1328 significet,
1982 1263 2144 1336 compre-

1150 1326 1316 1404 henderit
1344 1331 1512 1418 animus,
1539 1358 1682 1421 nonne,
1718 1362 1810 1432 quae
1841 1341 2062 1432 significatae.
2090 1343 2148 1424 rei

1150 1445 1298 1518 natura,
1331 1459 1423 1530 quae
1447 1437 1606 1512 conditio
1630 1439 1696 1523 sit,
1730 1442 1886 1535 exquirit
1899 1442 1958 1539 ¹⁵)?
1998 1457 2039 1519 ut
2062 1471 2147 1526 cum

1151 1536 1359 1622 didicimus,
1386 1539 1473 1632 quid
1495 1565 1583 1614 voce
1599 1544 1741 1613 animae
1756 1545 1995 1636 significetur,
2020 1571 2144 1628 noune

1151 1640 1320 1730 gestimus
1339 1654 1507 1714 naturam
1534 1667 1575 1712 ac
1589 1647 1834 1736 conditionem
1850 1649 2049 1722 absolutam
2066 1641 2145 1728 ania

1150 1765 1232 1815 mse
1252 1742 1421 1815 cernere?
1448 1745 1597 1838 perinde
1620 1761 1727 1843 atque
1749 1775 1829 1826 cum
1849 1753 1969 1830 verbis
1989 1753 2144 1826 descriBi

1150 1847 1357 1936 peregrinas
1379 1846 1536 1940 picturas
1560 1863 1622 1922 aut
1643 1852 1779 1924 formas
1802 1856 1988 1941 audimus,
2019 1879 2145 1939 nonne

1150 1949 1320 2038 gestimus
1346 1949 1420 2020 iam
1445 1951 1491 2019 ob
1517 1953 1641 2027 oculos
1669 1956 1811 2048 positas.
1831 1979 1954 2033 coram
1984 1973 2146 2038 contem.

1149 2041 1267 2142 plari?
1298 2052 1465 2142 proxime
1494 2059 1782 2150 contemplamur
1812 2075 1893 2144 res,
1922 2062 2146 2156 delinitione,¹

1150 2177 1261 2246 quarn
1281 2167 1433 2240 vocant,
1461 2156 1528 2234 rei.
1577 2156 1643 2230 Est
1666 2185 1752 2252 ergo
1776 2163 1892 2232 linitio
1916 2165 1989 2249 rei,
2023 2167 2143 2238 oratio

1150 2256 1329 2348 explicans
1352 2271 1521 2330 naturam
1543 2275 1611 2335 seu
1630 2264 1853 2337 conditiones
1866 2267 2048 2340 naturales
2063 2263 2142 2346 the-

1149 2359 1281 2443 matis,
1308 2363 1406 2454 quod
1431 2365 1655 2454 propositum
1683 2379 1748 2438 est.
1813 2368 1912 2461 Quid
1937 2369 2002 2453 sit,
2035 2366 2144 2450 buius

1149 2461 1288 2553 generis
1310 2463 1562 2563 finitionumt)
1594 2469 1756 2562 quaestio
1777 2483 1843 2540 est.
1892 2470 1988 2543 Tota
2010 2496 2142 2545 vocum

1148 2565 1363 2658 simplicium
1395 2567 1490 2641 ratio
1524 2572 1622 2662 apud
1646 2569 1882 2644 Dialecticum
1917 2569 2009 2648 nihil
2043 2575 2144 2654 diod
2174 2663 2177 2670 Δ

1149 2669 1241 2764 agit,
1267 2692 1377 2764 quam
1393 2683 1434 2742 ut
1448 2669 1553 2744 finire
1567 2675 1696 2748 doceat
1710 2699 1751 2747 ac
1766 2675 1937 2750 dividere.
1980 2676 2143 2759 Proinde

1148 2771 1356 2850 &acrimina
1385 2771 1600 2869 ordinesque
1628 2801 1757 2850 vocum
1781 2778 2088 2870 praescribamus,
2118 2803 2141 2861 e

1150 2875 1279 2970 quibus
1295 2887 1417 2968 postea
1434 2877 1616 2953 tritones
1631 2879 1797 2968 colligere
1813 2881 2031 2962 docebimus.

1148 3037 1210 3114 tte
1237 3045 1436 3139 quinque
1462 3070 1619 3117 vocum
1648 3072 1724 3119 seu
1750 3046 2140 3141 praedicabilium

1548 3150 1745 3221 ratione.

1251 3277 1292 3350 ln
1319 3280 1470 3355 artificio
1491 3283 1742 3358 definitionum
1774 3283 1931 3378 primum
1957 3281 2141 3360 observari

1149 3383 1254 3456 debet
1274 3379 1585 3478 (quandoquidem
1609 3411 1714 3458 voces
1737 3387 1884 3456 vocibus
1900 3385 2142 3473 declarantur,

1149 3499 1186 3558 et
1208 3498 1336 3561 natura
1363 3511 1484 3558 rerum
1513 3489 1694 3561 vocabulis
1716 3488 1897 3581 signatur)
1922 3486 2010 3561 alias
2035 3509 2141 3559 voces

1068 3658 1078 3676 ‚
1150 3613 1225 3663 esse
1251 3589 1330 3660 aliis
1353 3591 1639 3676 communiores,
1676 3591 1755 3664 aliis
1777 3591 1924 3660 vocibus
1953 3613 2032 3662 cum
2061 3587 2141 3661 aliis

1148 3705 1277 3762 natura
1296 3693 1501 3776 convenire,
1528 3719 1607 3763 cum
1627 3694 1705 3764 aliis
1721 3718 1796 3762 non
1815 3691 2019 3764 convenire.
2060 3690 2142 3770 Pri-

1149 3819 1248 3869 mum
1265 3818 1351 3887 ergo
1364 3797 1459 3888 apud
1478 3796 1702 3870 dialecticum
1717 3821 1847 3873 vocum
1863 3793 2068 3878 discrimen,
2088 3806 2142 3863 est

1148 3898 1187 3979 in
1213 3891 1461 3986 individuum,
1498 3899 1680 3992 Speciem,
1713 3900 1855 3983 Genus,
1888 3895 2140 3976 Differentiam

1149 4014 1187 4074 et
1204 4001 1392 4076 Accidens.

1249 4100 1481 4182 tndividunm
1507 4118 1559 4175 est
1578 4128 1712 4180 nomen
1733 4104 1941 4198 proprium,
1967 4114 2007 4175 ut
2021 4099 2141 4198 Virgi-

1148 4207 1231 4292 lius,
1242 4206 1361 4292 Plato,
1386 4203 1445 4279 bic
1458 4203 1582 4294 homo,
1607 4203 1755 4280 hicbos.
1807 4207 1866 4276 sic
1880 4205 1975 4276 enim
1990 4201 2140 4296 propria

1149 4309 1479 4403 circurnloquimur.

1251 4411 1393 4504 Species
1410 4425 1462 4482 est
1476 4435 1611 4483 nomen
1626 4435 1837 4492 commune,
1862 4408 2068 4502 proximum
2087 4406 2143 4476 in-

1149 4514 1297 4599 dividuo
1314 4527 1421 4609 atque
1436 4515 1542 4598 adeo,
1569 4515 1668 4609 quod
1681 4514 1719 4588 in
1732 4513 1935 4586 deliniendo
1952 4509 2140 4587 individuo

101 4611 166 4659 seu
190 4586 408 4680 etymologia
431 4589 607 4680 quaedam
625 4586 812 4669 vocabuli,
838 4597 878 4656 ut
892 4581 1027 4702 Ciqitas
1045 4595 1098 4654 est
1149 4617 1305 4710 mimum
1322 4615 1822 4704 occurriq‚uqflom0,1303‚
1872 4613 1965 4686 Nm
1984 4613 2014 4686 ,i
2033 4634 2141 4708 quae.

101 4689 237 4759 civium
260 4689 460 4762 comendo.
517 4684 753 4782 Philosophia
784 4701 836 4759 cst
856 4688 1015 4805 studium
1041 4710 1097 4758 sa·
1130 4701 1271 4806 'mur’
1309 4720 1396 4816 quid
1422 4717 1594 4812 vifgffim
1619 4721 1684 4802 sit,
1725 4718 1962 4812 respondetur
1972 4765 1983 4808 ι
2018 4709 2142 4790 homo,

100 4791 281 4884 pientiae,
306 4789 450 4862 lndoles
468 4805 520 4864 est
536 4791 694 4884 ingenita
712 4803 864 4862 naturae
883 4801 1096 4910 proprietas.
1149 4823 1332 4918 Significat
1352 4835 1472 4895 autem
1496 4825 1631 4917 specie,
1653 4847 1763 4896 „mm
1784 4822 1965 4916 quandam
1989 4830 2024 4893 ει
2045 4839 2140 4884 com-

100 4893 288 4966 Utendum
320 4907 372 4966 est
399 4891 469 4966 boc
500 4895 650 4966 liniendi
681 4917 828 4987 genere,
863 4917 1038 4971 maxime,
1066 4917 1098 4964 ει
1149 4951 1294 4998 munem
1326 4926 1519 5020 imaginem
1552 4940 1726 5014 naturae!
1763 4947 1856 5018 qm
1881 4933 1935 4996 εει
1958 4921 1995 4995 fu
2021 4917 2142 4993 mum,

101 5021 197 5091 quae
217 4995 383 5070 incidunt
398 4997 436 5068 in
452 4997 735 5090 disputationem
747 5017 871 5080 voces,
895 5008 937 5070 ut
952 5007 1097 5113 vocant,
1149 5029 1363 5116 individuis,
1397 5031 1647 5103 adumbratam
1675 5041 1711 5104 eq
1735 5037 1944 5118 conceptam
1973 5047 1994 5096 a
2021 5033 2141 5093 meme

102 5099 334 5192 aequivocae,
357 5124 450 5195 quae
465 5125 521 5172 rcs
539 5101 698 5172 diversas
713 5099 925 5192 significant,
952 5109 993 5168 ut
1008 5123 1038 5168 ει
1052 5097 1097 5168 de

101 5201 245 5296 Polypo
271 5201 445 5289 disseras,
478 5205 673 5288 constitue,
698 5203 888 5286 morbum,
916 5225 963 5271 an
985 5223 1097 5292 genus

101 5305 209 5396 piscis
232 5304 425 5398 significari
451 5305 549 5378 velis.
613 5299 706 5378 Nam
731 5301 946 5388 Dialectica,
980 5315 1020 5374 ut
1045 5315 1098 5373 est

132 5441 341 5464 -ln-ab-

138 5507 171 5565 ³)
190 5508 233 5568 st]
250 5505 291 5556 ste
308 5505 359 5557 tte
371 5505 415 5572 23
441 5503 526 5560 nuo.
542 5505 568 5562 t.
581 5503 608 5556 8.
627 5505 661 5555 de

1151 5191 1355 5204 —m-t

1183 5269 1216 5326 4)
1235 5263 1275 5333 ει]
1297 5265 1338 5316 sto
1355 5267 1459 5330 EM&
1484 5265 1569 5317 nette
1584 5268 1609 5320 t.
1622 5265 1649 5315 ⁸.
1668 5273 1702 5315 sc
1765 5313 1768 5320 ι

1181 5353 1214 5412 b)
1233 5353 1332 5402 annot.
1357 5359 1463 5416 merga
1494 5351 1592 5404 onnu
1615 5348 1737 5415 cognltto
1755 5345 1902 5408 inultm,
1932 5348 1978 5398 est
2000 5341 2142 5397 Multis}

1217 5421 1450 5484 mensemque.

1182 5505 1214 5563 s)
1231 5503 1418 5568 brittonum]
1436 5503 1488 5560 us.
1500 5502 1527 5557 Ι.
1545 5513 1644 5556 errore
1662 5508 1739 5566 type
1762 5499 1929 5566 ltrlttouon,
