<?xml version="1.0" encoding="UTF-8"?>
<!DOCTYPE html PUBLIC "-//W3C//DTD XHTML 1.0 Transitional//EN"
    "http://www.w3.org/TR/xhtml1/DTD/xhtml1-transitional.dtd">
<html xmlns="http://www.w3.org/1999/xhtml" xml:lang="en" lang="en">
 <head>
  <title>
</title>
<meta http-equiv="Content-Type" content="text/html;charset=utf-8" />
  <meta name='ocr-system' content='tesseract 3.04.00' />
  <meta name='ocr-capabilities' content='ocr_page ocr_carea ocr_par ocr_line ocrx_word'/>
</head>
<body>
  <div class='ocr_page' id='page_1' title='image "./philippimelanth11bindgoog_0280.png"; bbox 0 0 4910 5964; ppageno 0'>
   <div class='ocr_carea' id='block_1_1' title="bbox 98 241 2148 343">
    <p class='ocr_par' dir='ltr' id='par_1_1' title="bbox 98 215 2148 343">
     <span class='ocr_line' id='line_1_1' title="bbox 98 241 2148 343; baseline 0 -23"><span class='ocrx_word' id='word_1_1' title='bbox 98 243 179 322; x_wconf 81' lang='lat' dir='ltr'><strong>oar</strong></span> <span class='ocrx_word' id='word_1_2' title='bbox 280 241 326 321; x_wconf 83' lang='lat' dir='ltr'><strong>v,</strong></span> <span class='ocrx_word' id='word_1_3' title='bbox 378 242 639 320; x_wconf 71' lang='lat' dir='ltr'><strong>maronica</strong></span> <span class='ocrx_word' id='word_1_4' title='bbox 665 245 910 343; x_wconf 78' lang='lat' dir='ltr'><strong>QUAEDAM</strong></span> <span class='ocrx_word' id='word_1_5' title='bbox 935 243 1214 320; x_wconf 73' lang='lat' dir='ltr'><strong>murinae</strong></span> <span class='ocrx_word' id='word_1_6' title='bbox 1239 245 1392 321; x_wconf 80' lang='lat' dir='ltr'><strong>iarun</strong></span> <span class='ocrx_word' id='word_1_7' title='bbox 1417 244 1653 321; x_wconf 76' lang='lat' dir='ltr'><strong>eunucis</strong></span> <span class='ocrx_word' id='word_1_8' title='bbox 1678 243 1961 322; x_wconf 79' lang='lat' dir='ltr'><strong>oacrioons.</strong></span> <span class='ocrx_word' id='word_1_9' title='bbox 2070 241 2148 322; x_wconf 83' lang='lat' dir='ltr'><strong>ssa</strong></span> 
     </span>
    </p>
   </div>
   <div class='ocr_carea' id='block_1_2' title="bbox 95 415 2151 1134">
    <p class='ocr_par' dir='ltr' id='par_1_2' title="bbox 95 415 2151 1134">
     <span class='ocr_line' id='line_1_2' title="bbox 203 415 2151 514; baseline 0.001 -26"><span class='ocrx_word' id='word_1_10' title='bbox 203 415 361 491; x_wconf 77' lang='lat' dir='ltr'><strong>LXVIII.</strong></span> <span class='ocrx_word' id='word_1_11' title='bbox 398 416 489 490; x_wconf 88' lang='lat' dir='ltr'><strong>Cum</strong></span> <span class='ocrx_word' id='word_1_12' title='bbox 508 420 602 490; x_wconf 82' lang='lat' dir='ltr'><strong>facta</strong></span> <span class='ocrx_word' id='word_1_13' title='bbox 627 431 718 492; x_wconf 68' lang='lat' dir='ltr'><strong>emet</strong></span> <span class='ocrx_word' id='word_1_14' title='bbox 739 444 859 512; x_wconf 75' lang='lat' dir='ltr'><strong>pugna</strong></span> <span class='ocrx_word' id='word_1_15' title='bbox 875 418 1099 506; x_wconf 77' lang='lat' dir='ltr'><strong>sclavonica,</strong></span> <span class='ocrx_word' id='word_1_16' title='bbox 1253 417 1409 494; x_wconf 88' lang='lat' dir='ltr'><strong>LXXIII.</strong></span> <span class='ocrx_word' id='word_1_17' title='bbox 1446 419 1719 492; x_wconf 87' lang='lat' dir='ltr'><strong>Maximilianus</strong></span> <span class='ocrx_word' id='word_1_18' title='bbox 1747 415 1952 514; x_wconf 80' lang='lat' dir='ltr'><strong>Imperator</strong></span> <span class='ocrx_word' id='word_1_19' title='bbox 1981 419 2151 492; x_wconf 89' lang='lat' dir='ltr'><strong>modera-</strong></span> 
     </span>
     <span class='ocr_line' id='line_1_3' title="bbox 96 520 2151 614; baseline 0.001 -24"><span class='ocrx_word' id='word_1_20' title='bbox 96 521 207 592; x_wconf 90' lang='lat' dir='ltr'><strong>multi</strong></span> <span class='ocrx_word' id='word_1_21' title='bbox 238 523 371 592; x_wconf 89' lang='lat' dir='ltr'><strong>virtute</strong></span> <span class='ocrx_word' id='word_1_22' title='bbox 401 533 625 614; x_wconf 80' lang='lat' dir='ltr'><strong>praestantes</strong></span> <span class='ocrx_word' id='word_1_23' title='bbox 652 521 724 592; x_wconf 80' lang='lat' dir='ltr'><strong>viri</strong></span> <span class='ocrx_word' id='word_1_24' title='bbox 756 523 809 594; x_wconf 91' lang='lat' dir='ltr'><strong>ibi</strong></span> <span class='ocrx_word' id='word_1_25' title='bbox 842 523 1099 606; x_wconf 85' lang='lat' dir='ltr'><strong>occubuerunt,</strong></span> <span class='ocrx_word' id='word_1_26' title='bbox 1151 520 1307 597; x_wconf 75' lang='lat' dir='ltr'><strong>tissimus</strong></span> <span class='ocrx_word' id='word_1_27' title='bbox 1331 525 1369 593; x_wconf 89' lang='lat' dir='ltr'><strong>in</strong></span> <span class='ocrx_word' id='word_1_28' title='bbox 1393 525 1561 595; x_wconf 90' lang='lat' dir='ltr'><strong>omnibus</strong></span> <span class='ocrx_word' id='word_1_29' title='bbox 1585 523 1803 608; x_wconf 85' lang='lat' dir='ltr'><strong>actionibus,</strong></span> <span class='ocrx_word' id='word_1_30' title='bbox 1835 523 1905 594; x_wconf 87' lang='lat' dir='ltr'><strong>iuis</strong></span> <span class='ocrx_word' id='word_1_31' title='bbox 1925 535 2055 594; x_wconf 90' lang='lat' dir='ltr'><strong>natura</strong></span> <span class='ocrx_word' id='word_1_32' title='bbox 2078 523 2151 598; x_wconf 56' lang='lat' dir='ltr'><strong>irae</strong></span> 
     </span>
     <span class='ocr_line' id='line_1_4' title="bbox 96 600 2149 726; baseline 0.001 -32"><span class='ocrx_word' id='word_1_33' title='bbox 96 624 206 694; x_wconf 90' lang='lat' dir='ltr'><strong>mulii</strong></span> <span class='ocrx_word' id='word_1_34' title='bbox 235 623 409 696; x_wconf 84' lang='lat' dir='ltr'><strong>aTurcis</strong></span> <span class='ocrx_word' id='word_1_35' title='bbox 440 625 537 717; x_wconf 88' lang='lat' dir='ltr'><strong>capti</strong></span> <span class='ocrx_word' id='word_1_36' title='bbox 563 637 599 696; x_wconf 91' lang='lat' dir='ltr'><strong>et</strong></span> <span class='ocrx_word' id='word_1_37' title='bbox 631 624 670 694; x_wconf 89' lang='lat' dir='ltr'><strong>in</strong></span> <span class='ocrx_word' id='word_1_38' title='bbox 698 627 908 698; x_wconf 85' lang='lat' dir='ltr'><strong>servitutem</strong></span> <span class='ocrx_word' id='word_1_39' title='bbox 941 623 1098 698; x_wconf 88' lang='lat' dir='ltr'><strong>abducti.</strong></span> <span class='ocrx_word' id='word_1_40' title='bbox 1150 628 1319 712; x_wconf 89' lang='lat' dir='ltr'><strong>cundior,</strong></span> <span class='ocrx_word' id='word_1_41' title='bbox 1346 629 1408 699; x_wconf 91' lang='lat' dir='ltr'><strong>sed</strong></span> <span class='ocrx_word' id='word_1_42' title='bbox 1424 627 1575 726; x_wconf 85' lang='lat' dir='ltr'><strong>diligens</strong></span> <span class='ocrx_word' id='word_1_43' title='bbox 1593 627 1631 696; x_wconf 92' lang='lat' dir='ltr'><strong>in</strong></span> <span class='ocrx_word' id='word_1_44' title='bbox 1644 627 1874 724; x_wconf 85' lang='lat' dir='ltr'><strong>reprimenda</strong></span> <span class='ocrx_word' id='word_1_45' title='bbox 1891 625 1959 697; x_wconf 89' lang='lat' dir='ltr'><strong>ira.</strong></span> <span class='ocrx_word' id='word_1_46' title='bbox 1990 600 2149 720; x_wconf 78' lang='lat' dir='ltr'><strong>Quanelh</strong></span> 
     </span>
     <span class='ocr_line' id='line_1_5' title="bbox 95 726 2150 826; baseline 0.002 -29"><span class='ocrx_word' id='word_1_47' title='bbox 95 727 170 798; x_wconf 84' lang='lat' dir='ltr'><strong>Hic</strong></span> <span class='ocrx_word' id='word_1_48' title='bbox 193 729 290 796; x_wconf 88' lang='lat' dir='ltr'><strong>inter</strong></span> <span class='ocrx_word' id='word_1_49' title='bbox 311 726 401 799; x_wconf 87' lang='lat' dir='ltr'><strong>alios</strong></span> <span class='ocrx_word' id='word_1_50' title='bbox 423 741 548 820; x_wconf 91' lang='lat' dir='ltr'><strong>captus</strong></span> <span class='ocrx_word' id='word_1_51' title='bbox 568 727 701 800; x_wconf 89' lang='lat' dir='ltr'><strong>nobilis</strong></span> <span class='ocrx_word' id='word_1_52' title='bbox 719 729 763 799; x_wconf 90' lang='lat' dir='ltr'><strong>de</strong></span> <span class='ocrx_word' id='word_1_53' title='bbox 779 727 990 822; x_wconf 83' lang='lat' dir='ltr'><strong>Sieinborg,</strong></span> <span class='ocrx_word' id='word_1_54' title='bbox 1016 753 1097 800; x_wconf 90' lang='lat' dir='ltr'><strong>curn</strong></span> <span class='ocrx_word' id='word_1_55' title='bbox 1150 729 1184 800; x_wconf 88' lang='lat' dir='ltr'><strong>ei</strong></span> <span class='ocrx_word' id='word_1_56' title='bbox 1214 731 1420 826; x_wconf 82' lang='lat' dir='ltr'><strong>nuntiatum</strong></span> <span class='ocrx_word' id='word_1_57' title='bbox 1446 731 1515 802; x_wconf 87' lang='lat' dir='ltr'><strong>fuit</strong></span> <span class='ocrx_word' id='word_1_58' title='bbox 1538 729 1652 802; x_wconf 90' lang='lat' dir='ltr'><strong>filium</strong></span> <span class='ocrx_word' id='word_1_59' title='bbox 1675 743 1883 822; x_wconf 79' lang='lat' dir='ltr'><strong>aegrotare,</strong></span> <span class='ocrx_word' id='word_1_60' title='bbox 1918 729 2019 799; x_wconf 91' lang='lat' dir='ltr'><strong>venit</strong></span> <span class='ocrx_word' id='word_1_61' title='bbox 2044 741 2150 823; x_wconf 86' lang='lat' dir='ltr'><strong>posia</strong></span> 
     </span>
     <span class='ocr_line' id='line_1_6' title="bbox 98 823 2150 926; baseline 0 -24"><span class='ocrx_word' id='word_1_62' title='bbox 98 843 193 902; x_wconf 89' lang='lat' dir='ltr'><strong>esset</strong></span> <span class='ocrx_word' id='word_1_63' title='bbox 211 830 378 902; x_wconf 83' lang='lat' dir='ltr'><strong>venditus</strong></span> <span class='ocrx_word' id='word_1_64' title='bbox 392 855 525 922; x_wconf 83' lang='lat' dir='ltr'><strong>magno</strong></span> <span class='ocrx_word' id='word_1_65' title='bbox 542 833 685 904; x_wconf 90' lang='lat' dir='ltr'><strong>cuidam</strong></span> <span class='ocrx_word' id='word_1_66' title='bbox 701 831 852 903; x_wconf 90' lang='lat' dir='ltr'><strong>domino</strong></span> <span class='ocrx_word' id='word_1_67' title='bbox 867 832 1098 926; x_wconf 82' lang='lat' dir='ltr'><strong>negotiatori,</strong></span> <span class='ocrx_word' id='word_1_68' title='bbox 1149 833 1224 904; x_wconf 89' lang='lat' dir='ltr'><strong>iarn</strong></span> <span class='ocrx_word' id='word_1_69' title='bbox 1239 829 1328 904; x_wconf 88' lang='lat' dir='ltr'><strong>haec</strong></span> <span class='ocrx_word' id='word_1_70' title='bbox 1344 834 1418 902; x_wconf 92' lang='lat' dir='ltr'><strong>iam</strong></span> <span class='ocrx_word' id='word_1_71' title='bbox 1435 834 1512 919; x_wconf 92' lang='lat' dir='ltr'><strong>illa,</strong></span> <span class='ocrx_word' id='word_1_72' title='bbox 1537 858 1611 905; x_wconf 90' lang='lat' dir='ltr'><strong>una</strong></span> <span class='ocrx_word' id='word_1_73' title='bbox 1627 833 1774 904; x_wconf 88' lang='lat' dir='ltr'><strong>nuntiat</strong></span> <span class='ocrx_word' id='word_1_74' title='bbox 1788 857 1870 905; x_wconf 90' lang='lat' dir='ltr'><strong>cum</strong></span> <span class='ocrx_word' id='word_1_75' title='bbox 1887 823 2150 918; x_wconf 68' lang='lat' dir='ltr'><strong>conualescere,</strong></span> 
     </span>
     <span class='ocr_line' id='line_1_7' title="bbox 97 929 2149 1030; baseline 0.001 -28"><span class='ocrx_word' id='word_1_76' title='bbox 97 933 166 1028; x_wconf 88' lang='lat' dir='ltr'><strong>qui</strong></span> <span class='ocrx_word' id='word_1_77' title='bbox 188 929 345 1004; x_wconf 88' lang='lat' dir='ltr'><strong>habebat</strong></span> <span class='ocrx_word' id='word_1_78' title='bbox 367 933 519 1019; x_wconf 91' lang='lat' dir='ltr'><strong>liberos,</strong></span> <span class='ocrx_word' id='word_1_79' title='bbox 557 934 676 1027; x_wconf 84' lang='lat' dir='ltr'><strong>pinxit</strong></span> <span class='ocrx_word' id='word_1_80' title='bbox 697 936 780 1008; x_wconf 88' lang='lat' dir='ltr'><strong>filiis</strong></span> <span class='ocrx_word' id='word_1_81' title='bbox 802 936 926 1008; x_wconf 88' lang='lat' dir='ltr'><strong>literas</strong></span> <span class='ocrx_word' id='word_1_82' title='bbox 954 959 1099 1028; x_wconf 80' lang='lat' dir='ltr'><strong>graecas</strong></span> <span class='ocrx_word' id='word_1_83' title='bbox 1151 937 1263 1008; x_wconf 89' lang='lat' dir='ltr'><strong>altera</strong></span> <span class='ocrx_word' id='word_1_84' title='bbox 1281 960 1361 1008; x_wconf 88' lang='lat' dir='ltr'><strong>eum</strong></span> <span class='ocrx_word' id='word_1_85' title='bbox 1381 937 1538 1009; x_wconf 86' lang='lat' dir='ltr'><strong>deterius</strong></span> <span class='ocrx_word' id='word_1_86' title='bbox 1559 933 1714 1021; x_wconf 86' lang='lat' dir='ltr'><strong>hahere,</strong></span> <span class='ocrx_word' id='word_1_87' title='bbox 1743 937 1888 1007; x_wconf 89' lang='lat' dir='ltr'><strong>tandem</strong></span> <span class='ocrx_word' id='word_1_88' title='bbox 1913 934 2030 1020; x_wconf 88' lang='lat' dir='ltr'><strong>venit,</strong></span> <span class='ocrx_word' id='word_1_89' title='bbox 2056 959 2149 1030; x_wconf 91' lang='lat' dir='ltr'><strong>quae</strong></span> 
     </span>
     <span class='ocr_line' id='line_1_8' title="bbox 97 1032 2151 1134; baseline 0 -26"><span class='ocrx_word' id='word_1_90' title='bbox 97 1049 137 1108; x_wconf 87' lang='lat' dir='ltr'><strong>et</strong></span> <span class='ocrx_word' id='word_1_91' title='bbox 152 1037 296 1108; x_wconf 89' lang='lat' dir='ltr'><strong>latinas.</strong></span> <span class='ocrx_word' id='word_1_92' title='bbox 347 1033 440 1108; x_wconf 84' lang='lat' dir='ltr'><strong>Erat</strong></span> <span class='ocrx_word' id='word_1_93' title='bbox 462 1037 557 1106; x_wconf 89' lang='lat' dir='ltr'><strong>enim</strong></span> <span class='ocrx_word' id='word_1_94' title='bbox 581 1032 694 1110; x_wconf 93' lang='lat' dir='ltr'><strong>homo</strong></span> <span class='ocrx_word' id='word_1_95' title='bbox 716 1040 843 1110; x_wconf 88' lang='lat' dir='ltr'><strong>doctus</strong></span> <span class='ocrx_word' id='word_1_96' title='bbox 863 1051 900 1110; x_wconf 91' lang='lat' dir='ltr'><strong>et</strong></span> <span class='ocrx_word' id='word_1_97' title='bbox 922 1037 1097 1109; x_wconf 89' lang='lat' dir='ltr'><strong>mediocri</strong></span> <span class='ocrx_word' id='word_1_98' title='bbox 1149 1039 1268 1134; x_wconf 91' lang='lat' dir='ltr'><strong>ipsum</strong></span> <span class='ocrx_word' id='word_1_99' title='bbox 1291 1053 1477 1112; x_wconf 90' lang='lat' dir='ltr'><strong>mortuum</strong></span> <span class='ocrx_word' id='word_1_100' title='bbox 1508 1063 1582 1110; x_wconf 88' lang='lat' dir='ltr'><strong>esse</strong></span> <span class='ocrx_word' id='word_1_101' title='bbox 1613 1039 1715 1111; x_wconf 81' lang='lat' dir='ltr'><strong>dixit.</strong></span> <span class='ocrx_word' id='word_1_102' title='bbox 1780 1035 1859 1132; x_wconf 92' lang='lat' dir='ltr'><strong>lpse</strong></span> <span class='ocrx_word' id='word_1_103' title='bbox 1883 1038 2151 1132; x_wconf 72' lang='lat' dir='ltr'><strong>Salspprgcnsis</strong></span> 
     </span>
    </p>
   </div>
   <div class='ocr_carea' id='block_1_3' title="bbox 97 1135 2279 1236">
    <p class='ocr_par' dir='ltr' id='par_1_3' title="bbox 97 1135 2279 1236">
     <span class='ocr_line' id='line_1_9' title="bbox 97 1135 2279 1236; baseline 0 -26"><span class='ocrx_word' id='word_1_104' title='bbox 97 1140 307 1232; x_wconf 76' lang='lat' dir='ltr'><strong>cognitione</strong></span> <span class='ocrx_word' id='word_1_105' title='bbox 328 1161 478 1231; x_wconf 78' lang='lat' dir='ltr'><strong>graecae</strong></span> <span class='ocrx_word' id='word_1_106' title='bbox 501 1152 537 1211; x_wconf 93' lang='lat' dir='ltr'><strong>et</strong></span> <span class='ocrx_word' id='word_1_107' title='bbox 558 1140 865 1235; x_wconf 76' lang='lat' dir='ltr'><strong>latinaelinguae</strong></span> <span class='ocrx_word' id='word_1_108' title='bbox 891 1142 1098 1214; x_wconf 86' lang='lat' dir='ltr'><strong>instructus.</strong></span> <span class='ocrx_word' id='word_1_109' title='bbox 1150 1144 1314 1214; x_wconf 86' lang='lat' dir='ltr'><strong>narravit</strong></span> <span class='ocrx_word' id='word_1_110' title='bbox 1331 1140 1421 1214; x_wconf 91' lang='lat' dir='ltr'><strong>mihi</strong></span> <span class='ocrx_word' id='word_1_111' title='bbox 1437 1138 1631 1236; x_wconf 89' lang='lat' dir='ltr'><strong>Philippo,</strong></span> <span class='ocrx_word' id='word_1_112' title='bbox 1656 1141 1720 1236; x_wconf 92' lang='lat' dir='ltr'><strong>qui</strong></span> <span class='ocrx_word' id='word_1_113' title='bbox 1739 1141 1809 1212; x_wconf 88' lang='lat' dir='ltr'><strong>fuit</strong></span> <span class='ocrx_word' id='word_1_114' title='bbox 1833 1142 2048 1236; x_wconf 87' lang='lat' dir='ltr'><strong>praecipuus</strong></span> <span class='ocrx_word' id='word_1_115' title='bbox 2073 1141 2150 1212; x_wconf 89' lang='lat' dir='ltr'><strong>eius</strong></span> <span class='ocrx_word' id='word_1_116' title='bbox 2275 1135 2279 1144; x_wconf 79' lang='lat'>&#39;</span> 
     </span>
    </p>
   </div>
   <div class='ocr_carea' id='block_1_4' title="bbox 96 1235 2150 1342">
    <p class='ocr_par' dir='ltr' id='par_1_4' title="bbox 96 1235 2150 1342">
     <span class='ocr_line' id='line_1_10' title="bbox 96 1235 2150 1342; baseline 0 -28"><span class='ocrx_word' id='word_1_117' title='bbox 96 1243 286 1315; x_wconf 81' lang='lat' dir='ltr'><strong>Mercator</strong></span> <span class='ocrx_word' id='word_1_118' title='bbox 300 1242 427 1314; x_wconf 88' lang='lat' dir='ltr'><strong>videns</strong></span> <span class='ocrx_word' id='word_1_119' title='bbox 443 1235 533 1328; x_wconf 90' lang='lat' dir='ltr'><strong>hoc,</strong></span> <span class='ocrx_word' id='word_1_120' title='bbox 560 1243 697 1317; x_wconf 80' lang='lat' dir='ltr'><strong>accedit</strong></span> <span class='ocrx_word' id='word_1_121' title='bbox 719 1246 856 1338; x_wconf 84' lang='lat' dir='ltr'><strong>ipsum:</strong></span> <span class='ocrx_word' id='word_1_122' title='bbox 889 1244 1001 1317; x_wconf 85' lang='lat' dir='ltr'><strong>Visne</strong></span> <span class='ocrx_word' id='word_1_123' title='bbox 1026 1240 1099 1338; x_wconf 92' lang='lat' dir='ltr'><strong>(in-</strong></span> <span class='ocrx_word' id='word_1_124' title='bbox 1151 1245 1394 1318; x_wconf 90' lang='lat' dir='ltr'><strong>consiliarius:</strong></span> <span class='ocrx_word' id='word_1_125' title='bbox 1428 1245 1625 1342; x_wconf 86' lang='lat' dir='ltr'><strong>Quomodo</strong></span> <span class='ocrx_word' id='word_1_126' title='bbox 1649 1256 1740 1317; x_wconf 88' lang='lat' dir='ltr'><strong>esset</strong></span> <span class='ocrx_word' id='word_1_127' title='bbox 1763 1244 2050 1330; x_wconf 88' lang='lat' dir='ltr'><strong>conveniendus,</strong></span> <span class='ocrx_word' id='word_1_128' title='bbox 2082 1268 2150 1316; x_wconf 88' lang='lat' dir='ltr'><strong>nos</strong></span> 
     </span>
    </p>
   </div>
   <div class='ocr_carea' id='block_1_5' title="bbox 98 1339 2264 1445">
    <p class='ocr_par' dir='ltr' id='par_1_5' title="bbox 98 1339 2264 1445">
     <span class='ocr_line' id='line_1_11' title="bbox 98 1339 2264 1445; baseline 0 -29"><span class='ocrx_word' id='word_1_129' title='bbox 98 1346 199 1445; x_wconf 90' lang='lat' dir='ltr'><strong>quit)</strong></span> <span class='ocrx_word' id='word_1_130' title='bbox 214 1368 315 1418; x_wconf 89' lang='lat' dir='ltr'><strong>meos</strong></span> <span class='ocrx_word' id='word_1_131' title='bbox 335 1347 429 1416; x_wconf 89' lang='lat' dir='ltr'><strong>lilios</strong></span> <span class='ocrx_word' id='word_1_132' title='bbox 448 1343 603 1418; x_wconf 82' lang='lat' dir='ltr'><strong>docere?</strong></span> <span class='ocrx_word' id='word_1_133' title='bbox 653 1350 847 1419; x_wconf 75' lang='lat' dir='ltr'><strong>Annumte</strong></span> <span class='ocrx_word' id='word_1_134' title='bbox 862 1348 996 1420; x_wconf 90' lang='lat' dir='ltr'><strong>nobili:</strong></span> <span class='ocrx_word' id='word_1_135' title='bbox 1023 1347 1107 1442; x_wconf 59' lang='lat' dir='ltr'><strong>Do:</strong></span> <span class='ocrx_word' id='word_1_136' title='bbox 1151 1339 1458 1431; x_wconf 81' lang='lat' dir='ltr'><strong>deliberabamus:</strong></span> <span class='ocrx_word' id='word_1_137' title='bbox 1485 1350 1632 1421; x_wconf 86' lang='lat' dir='ltr'><strong>tandem</strong></span> <span class='ocrx_word' id='word_1_138' title='bbox 1647 1349 2045 1432; x_wconf 90' lang='lat' dir='ltr'><strong>concludebamusnos,</strong></span> <span class='ocrx_word' id='word_1_139' title='bbox 2069 1348 2150 1416; x_wconf 91' lang='lat' dir='ltr'><strong>bre·</strong></span> <span class='ocrx_word' id='word_1_140' title='bbox 2253 1418 2264 1440; x_wconf 54' lang='grc'><em>,</em></span> 
     </span>
    </p>
   </div>
   <div class='ocr_carea' id='block_1_6' title="bbox 77 1446 2193 2061">
    <p class='ocr_par' dir='ltr' id='par_1_6' title="bbox 77 1446 2193 2061">
     <span class='ocr_line' id='line_1_12' title="bbox 98 1446 2151 1549; baseline -0.001 -28"><span class='ocrx_word' id='word_1_141' title='bbox 98 1475 165 1521; x_wconf 89' lang='lat' dir='ltr'><strong>ceo</strong></span> <span class='ocrx_word' id='word_1_142' title='bbox 185 1474 269 1535; x_wconf 85' lang='lat' dir='ltr'><strong>eos,</strong></span> <span class='ocrx_word' id='word_1_143' title='bbox 294 1449 366 1534; x_wconf 91' lang='lat' dir='ltr'><strong>ait,</strong></span> <span class='ocrx_word' id='word_1_144' title='bbox 399 1473 565 1541; x_wconf 76' lang='lat' dir='ltr'><strong>graecam</strong></span> <span class='ocrx_word' id='word_1_145' title='bbox 585 1449 767 1543; x_wconf 79' lang='lat' dir='ltr'><strong>linguam,</strong></span> <span class='ocrx_word' id='word_1_146' title='bbox 801 1464 838 1522; x_wconf 87' lang='lat' dir='ltr'><strong>et</strong></span> <span class='ocrx_word' id='word_1_147' title='bbox 859 1446 1016 1542; x_wconf 84' lang='lat' dir='ltr'><strong>adiungo</strong></span> <span class='ocrx_word' id='word_1_148' title='bbox 1039 1473 1099 1520; x_wconf 93' lang='lat' dir='ltr'><strong>ro·</strong></span> <span class='ocrx_word' id='word_1_149' title='bbox 1150 1451 1316 1537; x_wconf 89' lang='lat' dir='ltr'><strong>vissime,</strong></span> <span class='ocrx_word' id='word_1_150' title='bbox 1341 1453 1416 1522; x_wconf 90' lang='lat' dir='ltr'><strong>imo</strong></span> <span class='ocrx_word' id='word_1_151' title='bbox 1432 1477 1506 1523; x_wconf 91' lang='lat' dir='ltr'><strong>uno</strong></span> <span class='ocrx_word' id='word_1_152' title='bbox 1519 1452 1631 1549; x_wconf 84' lang='lat' dir='ltr'><strong>verbo</strong></span> <span class='ocrx_word' id='word_1_153' title='bbox 1647 1451 1870 1523; x_wconf 86' lang='lat' dir='ltr'><strong>indicaturos</strong></span> <span class='ocrx_word' id='word_1_154' title='bbox 1885 1448 1959 1524; x_wconf 89' lang='lat' dir='ltr'><strong>esse</strong></span> <span class='ocrx_word' id='word_1_155' title='bbox 1973 1449 2038 1519; x_wconf 89' lang='lat' dir='ltr'><strong>lilii</strong></span> <span class='ocrx_word' id='word_1_156' title='bbox 2052 1473 2151 1520; x_wconf 89' lang='lat' dir='ltr'><strong>mor·</strong></span> 
     </span>
     <span class='ocr_line' id='line_1_13' title="bbox 97 1552 2151 1656; baseline 0 -33"><span class='ocrx_word' id='word_1_157' title='bbox 97 1577 262 1624; x_wconf 83' lang='lat' dir='ltr'><strong>mariam.</strong></span> <span class='ocrx_word' id='word_1_158' title='bbox 336 1552 490 1645; x_wconf 86' lang='lat' dir='ltr'><strong>Quaerit</strong></span> <span class='ocrx_word' id='word_1_159' title='bbox 519 1565 641 1628; x_wconf 89' lang='lat' dir='ltr'><strong>autem</strong></span> <span class='ocrx_word' id='word_1_160' title='bbox 675 1553 808 1626; x_wconf 88' lang='lat' dir='ltr'><strong>nobilis</strong></span> <span class='ocrx_word' id='word_1_161' title='bbox 844 1579 888 1626; x_wconf 83' lang='lat' dir='ltr'><strong>ex</strong></span> <span class='ocrx_word' id='word_1_162' title='bbox 929 1553 1098 1626; x_wconf 88' lang='lat' dir='ltr'><strong>domino:</strong></span> <span class='ocrx_word' id='word_1_163' title='bbox 1151 1568 1264 1642; x_wconf 58' lang='lat' dir='ltr'><strong>tem„</strong></span> <span class='ocrx_word' id='word_1_164' title='bbox 1302 1554 1354 1626; x_wconf 91' lang='lat' dir='ltr'><strong>Ut</strong></span> <span class='ocrx_word' id='word_1_165' title='bbox 1379 1554 1531 1649; x_wconf 76' lang='lat' dir='ltr'><strong>ingressi</strong></span> <span class='ocrx_word' id='word_1_166' title='bbox 1559 1567 1662 1640; x_wconf 89' lang='lat' dir='ltr'><strong>sunt,</strong></span> <span class='ocrx_word' id='word_1_167' title='bbox 1703 1552 1846 1647; x_wconf 83' lang='lat' dir='ltr'><strong>collegit</strong></span> <span class='ocrx_word' id='word_1_168' title='bbox 1869 1554 1944 1646; x_wconf 87' lang='lat' dir='ltr'><strong>ipse</strong></span> <span class='ocrx_word' id='word_1_169' title='bbox 1970 1569 2015 1624; x_wconf 76' lang='lat' dir='ltr'><strong>ex</strong></span> <span class='ocrx_word' id='word_1_170' title='bbox 2038 1552 2151 1656; x_wconf 76' lang='lat' dir='ltr'><strong>oculis</strong></span> 
     </span>
     <span class='ocr_line' id='line_1_14' title="bbox 97 1641 2151 1752; baseline -0 -22"><span class='ocrx_word' id='word_1_171' title='bbox 97 1652 313 1752; x_wconf 81' lang='lat' dir='ltr'><strong>Quamdiu?</strong></span> <span class='ocrx_word' id='word_1_172' title='bbox 356 1655 575 1750; x_wconf 87' lang='lat' dir='ltr'><strong>Respondit:</strong></span> <span class='ocrx_word' id='word_1_173' title='bbox 611 1657 683 1730; x_wconf 88' lang='lat' dir='ltr'><strong>Per</strong></span> <span class='ocrx_word' id='word_1_174' title='bbox 702 1656 951 1750; x_wconf 82' lang='lat' dir='ltr'><strong>septennium,</strong></span> <span class='ocrx_word' id='word_1_175' title='bbox 989 1656 1021 1730; x_wconf 94' lang='lat' dir='ltr'><strong>si</strong></span> <span class='ocrx_word' id='word_1_176' title='bbox 1040 1652 1100 1728; x_wconf 90' lang='lat' dir='ltr'><strong>hic</strong></span> <span class='ocrx_word' id='word_1_177' title='bbox 1152 1685 1235 1730; x_wconf 89' lang='lat' dir='ltr'><strong>eum</strong></span> <span class='ocrx_word' id='word_1_178' title='bbox 1260 1683 1334 1732; x_wconf 88' lang='lat' dir='ltr'><strong>esse</strong></span> <span class='ocrx_word' id='word_1_179' title='bbox 1356 1670 1561 1743; x_wconf 87' lang='lat' dir='ltr'><strong>mortuum,</strong></span> <span class='ocrx_word' id='word_1_180' title='bbox 1595 1669 1631 1728; x_wconf 89' lang='lat' dir='ltr'><strong>et</strong></span> <span class='ocrx_word' id='word_1_181' title='bbox 1654 1656 1761 1728; x_wconf 85' lang='lat' dir='ltr'><strong>dixit:</strong></span> <span class='ocrx_word' id='word_1_182' title='bbox 1797 1659 1847 1735; x_wconf 65' lang='lat' dir='ltr'><strong>(Er</strong></span> <span class='ocrx_word' id='word_1_183' title='bbox 1869 1652 1908 1747; x_wconf 76' lang='lat' dir='ltr'><strong>iil</strong></span> <span class='ocrx_word' id='word_1_184' title='bbox 1931 1641 2046 1733; x_wconf 45' lang='lat' dir='ltr'><strong>boos</strong></span> <span class='ocrx_word' id='word_1_185' title='bbox 2077 1655 2151 1726; x_wconf 86' lang='lat' dir='ltr'><strong>Re·</strong></span> 
     </span>
     <span class='ocr_line' id='line_1_15' title="bbox 96 1757 2151 1858; baseline 0.002 -26"><span class='ocrx_word' id='word_1_186' title='bbox 96 1763 200 1854; x_wconf 90' lang='lat' dir='ltr'><strong>apud</strong></span> <span class='ocrx_word' id='word_1_187' title='bbox 216 1784 277 1830; x_wconf 91' lang='lat' dir='ltr'><strong>me</strong></span> <span class='ocrx_word' id='word_1_188' title='bbox 299 1760 522 1832; x_wconf 87' lang='lat' dir='ltr'><strong>commorari</strong></span> <span class='ocrx_word' id='word_1_189' title='bbox 541 1760 660 1846; x_wconf 80' lang='lat' dir='ltr'><strong>voles,</strong></span> <span class='ocrx_word' id='word_1_190' title='bbox 694 1762 789 1832; x_wconf 88' lang='lat' dir='ltr'><strong>dabo</strong></span> <span class='ocrx_word' id='word_1_191' title='bbox 810 1761 878 1833; x_wconf 89' lang='lat' dir='ltr'><strong>tibi</strong></span> <span class='ocrx_word' id='word_1_192' title='bbox 898 1759 1100 1832; x_wconf 80' lang='lat' dir='ltr'><strong>semiami·</strong></span> <span class='ocrx_word' id='word_1_193' title='bbox 1151 1763 1299 1857; x_wconf 85' lang='lat' dir='ltr'><strong>spondit</strong></span> <span class='ocrx_word' id='word_1_194' title='bbox 1323 1761 1608 1854; x_wconf 82' lang='lat' dir='ltr'><strong>Salspurgensis:</strong></span> <span class='ocrx_word' id='word_1_195' title='bbox 1651 1761 1706 1846; x_wconf 64' lang='lat' dir='ltr'><strong>filo</strong></span> <span class='ocrx_word' id='word_1_196' title='bbox 1733 1763 1904 1858; x_wconf 70' lang='lat' dir='ltr'><strong>geaebigtt</strong></span> <span class='ocrx_word' id='word_1_197' title='bbox 1926 1761 2003 1852; x_wconf 67' lang='lat' dir='ltr'><strong>trec:</strong></span> <span class='ocrx_word' id='word_1_198' title='bbox 2030 1757 2151 1851; x_wconf 68' lang='lat' dir='ltr'><strong>Istltt,</strong></span> 
     </span>
     <span class='ocr_line' id='line_1_16' title="bbox 95 1861 2193 1962; baseline -0.006 -17"><span class='ocrx_word' id='word_1_199' title='bbox 95 1865 247 1945; x_wconf 79' lang='lat' dir='ltr'><strong>liar-em:</strong></span> <span class='ocrx_word' id='word_1_200' title='bbox 279 1861 338 1934; x_wconf 61' lang='grc' dir='ltr'><strong>εἰη</strong></span> <span class='ocrx_word' id='word_1_201' title='bbox 354 1862 494 1948; x_wconf 84' lang='lat' dir='ltr'><strong>minus,</strong></span> <span class='ocrx_word' id='word_1_202' title='bbox 525 1863 697 1935; x_wconf 86' lang='lat' dir='ltr'><strong>viaticum</strong></span> <span class='ocrx_word' id='word_1_203' title='bbox 718 1865 833 1950; x_wconf 81' lang='lat' dir='ltr'><strong>dabo,</strong></span> <span class='ocrx_word' id='word_1_204' title='bbox 863 1875 906 1936; x_wconf 80' lang='lat' dir='ltr'><strong>iti</strong></span> <span class='ocrx_word' id='word_1_205' title='bbox 929 1875 1008 1936; x_wconf 90' lang='lat' dir='ltr'><strong>tuto</strong></span> <span class='ocrx_word' id='word_1_206' title='bbox 1029 1862 1100 1933; x_wconf 79' lang='lat' dir='ltr'><strong>Ve·</strong></span> <span class='ocrx_word' id='word_1_207' title='bbox 1151 1867 1477 1962; x_wconf 61' lang='lat' dir='ltr'><strong>stetinensium:</strong></span> <span class='ocrx_word' id='word_1_208' title='bbox 1493 1861 1545 1958; x_wconf 76' lang='lat' dir='ltr'><strong>let)</strong></span> <span class='ocrx_word' id='word_1_209' title='bbox 1564 1862 1791 1955; x_wconf 56' lang='lat' dir='ltr'><strong>[tiresiatus</strong></span> <span class='ocrx_word' id='word_1_210' title='bbox 1812 1865 1958 1960; x_wconf 73' lang='lat' dir='ltr'><strong>geaebig.</strong></span> <span class='ocrx_word' id='word_1_211' title='bbox 2009 1863 2151 1932; x_wconf 80' lang='lat' dir='ltr'><strong>Deinde</strong></span> <span class='ocrx_word' id='word_1_212' title='bbox 2190 1899 2193 1902; x_wconf 93' lang='lat'><em>-</em></span> 
     </span>
     <span class='ocr_line' id='line_1_17' title="bbox 77 1965 2150 2061; baseline -0.001 -24"><span class='ocrx_word' id='word_1_213' title='bbox 77 1968 218 2047; x_wconf 75' lang='lat' dir='ltr'><strong>‚nerias</strong></span> <span class='ocrx_word' id='word_1_214' title='bbox 233 1966 443 2058; x_wconf 86' lang='lat' dir='ltr'><strong>pervenias,</strong></span> <span class='ocrx_word' id='word_1_215' title='bbox 469 1967 572 2043; x_wconf 85' lang='lat' dir='ltr'><strong>etsie</strong></span> <span class='ocrx_word' id='word_1_216' title='bbox 590 1967 784 2040; x_wconf 86' lang='lat' dir='ltr'><strong>incolumis</strong></span> <span class='ocrx_word' id='word_1_217' title='bbox 798 1969 845 2038; x_wconf 90' lang='lat' dir='ltr'><strong>ad</strong></span> <span class='ocrx_word' id='word_1_218' title='bbox 861 1980 955 2040; x_wconf 87' lang='lat' dir='ltr'><strong>tuos.</strong></span> <span class='ocrx_word' id='word_1_219' title='bbox 1005 1965 1101 2038; x_wconf 92' lang='lat' dir='ltr'><strong>Scri·</strong></span> <span class='ocrx_word' id='word_1_220' title='bbox 1153 1972 1286 2044; x_wconf 88' lang='lat' dir='ltr'><strong>Caesar</strong></span> <span class='ocrx_word' id='word_1_221' title='bbox 1317 1983 1395 2040; x_wconf 90' lang='lat' dir='ltr'><strong>toto</strong></span> <span class='ocrx_word' id='word_1_222' title='bbox 1428 1969 1551 2040; x_wconf 90' lang='lat' dir='ltr'><strong>triduo</strong></span> <span class='ocrx_word' id='word_1_223' title='bbox 1583 1969 1718 2039; x_wconf 91' lang='lat' dir='ltr'><strong>mansit</strong></span> <span class='ocrx_word' id='word_1_224' title='bbox 1746 1971 1787 2036; x_wconf 87' lang='lat' dir='ltr'><strong>in</strong></span> <span class='ocrx_word' id='word_1_225' title='bbox 1808 1969 1993 2052; x_wconf 85' lang='lat' dir='ltr'><strong>cubiculo,</strong></span> <span class='ocrx_word' id='word_1_226' title='bbox 2031 1989 2150 2061; x_wconf 87' lang='lat' dir='ltr'><strong>neque</strong></span> 
     </span>
    </p>
   </div>
   <div class='ocr_carea' id='block_1_7' title="bbox 97 2066 2288 2168">
    <p class='ocr_par' dir='ltr' id='par_1_7' title="bbox 97 2066 2288 2168">
     <span class='ocr_line' id='line_1_18' title="bbox 97 2066 2288 2168; baseline -0.004 -22"><span class='ocrx_word' id='word_1_227' title='bbox 97 2071 175 2165; x_wconf 86' lang='lat' dir='ltr'><strong>psit</strong></span> <span class='ocrx_word' id='word_1_228' title='bbox 188 2081 314 2164; x_wconf 85' lang='lat' dir='ltr'><strong>postea</strong></span> <span class='ocrx_word' id='word_1_229' title='bbox 330 2070 378 2140; x_wconf 88' lang='lat' dir='ltr'><strong>ad</strong></span> <span class='ocrx_word' id='word_1_230' title='bbox 398 2093 483 2145; x_wconf 91' lang='lat' dir='ltr'><strong>suos</strong></span> <span class='ocrx_word' id='word_1_231' title='bbox 498 2082 669 2162; x_wconf 76' lang='lat' dir='ltr'><strong>cognatos</strong></span> <span class='ocrx_word' id='word_1_232' title='bbox 691 2084 727 2142; x_wconf 89' lang='lat' dir='ltr'><strong>et</strong></span> <span class='ocrx_word' id='word_1_233' title='bbox 745 2070 857 2154; x_wconf 86' lang='lat' dir='ltr'><strong>filios,</strong></span> <span class='ocrx_word' id='word_1_234' title='bbox 880 2093 1100 2141; x_wconf 89' lang='lat' dir='ltr'><strong>commemo-</strong></span> <span class='ocrx_word' id='word_1_235' title='bbox 1153 2073 1330 2157; x_wconf 86' lang='lat' dir='ltr'><strong>comedit,</strong></span> <span class='ocrx_word' id='word_1_236' title='bbox 1356 2097 1474 2167; x_wconf 89' lang='lat' dir='ltr'><strong>neque</strong></span> <span class='ocrx_word' id='word_1_237' title='bbox 1488 2069 1601 2156; x_wconf 88' lang='lat' dir='ltr'><strong>bibit,</strong></span> <span class='ocrx_word' id='word_1_238' title='bbox 1626 2095 1771 2164; x_wconf 89' lang='lat' dir='ltr'><strong>semper</strong></span> <span class='ocrx_word' id='word_1_239' title='bbox 1784 2084 1951 2164; x_wconf 89' lang='lat' dir='ltr'><strong>precatus</strong></span> <span class='ocrx_word' id='word_1_240' title='bbox 1966 2082 2030 2140; x_wconf 89' lang='lat' dir='ltr'><strong>est.</strong></span> <span class='ocrx_word' id='word_1_241' title='bbox 2081 2066 2152 2137; x_wconf 82' lang='lat' dir='ltr'><strong>Ac·</strong></span> <span class='ocrx_word' id='word_1_242' title='bbox 2211 2163 2213 2168; x_wconf 23' lang='grc' dir='ltr'>Ι</span> <span class='ocrx_word' id='word_1_243' title='bbox 2256 2113 2288 2128; x_wconf 66' lang='lat'><strong>.,</strong></span> 
     </span>
    </p>
   </div>
   <div class='ocr_carea' id='block_1_8' title="bbox 96 2168 2250 3199">
    <p class='ocr_par' dir='ltr' id='par_1_8' title="bbox 97 2168 2250 2576">
     <span class='ocr_line' id='line_1_19' title="bbox 97 2168 2157 2267; baseline -0.002 -23"><span class='ocrx_word' id='word_1_244' title='bbox 97 2175 208 2244; x_wconf 89' lang='lat' dir='ltr'><strong>rabat</strong></span> <span class='ocrx_word' id='word_1_245' title='bbox 221 2171 310 2267; x_wconf 86' lang='lat' dir='ltr'><strong>ipsis</strong></span> <span class='ocrx_word' id='word_1_246' title='bbox 329 2174 526 2246; x_wconf 86' lang='lat' dir='ltr'><strong>secundum</strong></span> <span class='ocrx_word' id='word_1_247' title='bbox 543 2197 664 2244; x_wconf 91' lang='lat' dir='ltr'><strong>casum</strong></span> <span class='ocrx_word' id='word_1_248' title='bbox 681 2187 717 2244; x_wconf 91' lang='lat' dir='ltr'><strong>et</strong></span> <span class='ocrx_word' id='word_1_249' title='bbox 732 2175 938 2256; x_wconf 81' lang='lat' dir='ltr'><strong>fortunam,</strong></span> <span class='ocrx_word' id='word_1_250' title='bbox 964 2185 1000 2242; x_wconf 91' lang='lat' dir='ltr'><strong>et</strong></span> <span class='ocrx_word' id='word_1_251' title='bbox 1014 2168 1100 2242; x_wconf 86' lang='lat' dir='ltr'><strong>hor·</strong></span> <span class='ocrx_word' id='word_1_252' title='bbox 1152 2177 1257 2248; x_wconf 86' lang='lat' dir='ltr'><strong>cessit</strong></span> <span class='ocrx_word' id='word_1_253' title='bbox 1279 2177 1326 2246; x_wconf 93' lang='lat' dir='ltr'><strong>ad</strong></span> <span class='ocrx_word' id='word_1_254' title='bbox 1350 2174 1553 2247; x_wconf 89' lang='lat' dir='ltr'><strong>cubiculum</strong></span> <span class='ocrx_word' id='word_1_255' title='bbox 1577 2175 1681 2264; x_wconf 60' lang='lat' dir='ltr'><strong>Ruth</strong></span> <span class='ocrx_word' id='word_1_256' title='bbox 1703 2193 1771 2249; x_wconf 78' lang='lat' dir='ltr'><strong>toti</strong></span> <span class='ocrx_word' id='word_1_257' title='bbox 1794 2176 1849 2250; x_wconf 79' lang='lat' dir='ltr'><strong>bet</strong></span> <span class='ocrx_word' id='word_1_258' title='bbox 1865 2170 1998 2262; x_wconf 57' lang='lat' dir='ltr'><strong>&amp;olem</strong></span> <span class='ocrx_word' id='word_1_259' title='bbox 2026 2177 2157 2242; x_wconf 90' lang='lat' dir='ltr'><strong>scurra</strong></span> 
     </span>
     <span class='ocr_line' id='line_1_20' title="bbox 100 2273 2250 2374; baseline -0.001 -28"><span class='ocrx_word' id='word_1_260' title='bbox 100 2279 345 2349; x_wconf 85' lang='lat' dir='ltr'><strong>tabatursuos</strong></span> <span class='ocrx_word' id='word_1_261' title='bbox 360 2276 473 2361; x_wconf 85' lang='lat' dir='ltr'><strong>tilios,</strong></span> <span class='ocrx_word' id='word_1_262' title='bbox 498 2287 540 2348; x_wconf 86' lang='lat' dir='ltr'><strong>ut</strong></span> <span class='ocrx_word' id='word_1_263' title='bbox 555 2299 593 2347; x_wconf 88' lang='lat' dir='ltr'><strong>se</strong></span> <span class='ocrx_word' id='word_1_264' title='bbox 609 2276 755 2367; x_wconf 87' lang='lat' dir='ltr'><strong>optimis</strong></span> <span class='ocrx_word' id='word_1_265' title='bbox 772 2277 910 2347; x_wconf 87' lang='lat' dir='ltr'><strong>artibus</strong></span> <span class='ocrx_word' id='word_1_266' title='bbox 930 2287 967 2344; x_wconf 88' lang='lat' dir='ltr'><strong>et</strong></span> <span class='ocrx_word' id='word_1_267' title='bbox 987 2275 1101 2364; x_wconf 67' lang='lat' dir='ltr'><strong>scien-</strong></span> <span class='ocrx_word' id='word_1_268' title='bbox 1152 2279 1321 2374; x_wconf 87' lang='lat' dir='ltr'><strong>quidam,</strong></span> <span class='ocrx_word' id='word_1_269' title='bbox 1349 2277 1506 2373; x_wconf 89' lang='lat' dir='ltr'><strong>quicum</strong></span> <span class='ocrx_word' id='word_1_270' title='bbox 1531 2301 1574 2345; x_wconf 89' lang='lat' dir='ltr'><strong>eo</strong></span> <span class='ocrx_word' id='word_1_271' title='bbox 1595 2277 1664 2346; x_wconf 85' lang='lat' dir='ltr'><strong>fuit</strong></span> <span class='ocrx_word' id='word_1_272' title='bbox 1688 2275 1727 2345; x_wconf 91' lang='lat' dir='ltr'><strong>in</strong></span> <span class='ocrx_word' id='word_1_273' title='bbox 1754 2299 1915 2373; x_wconf 74' lang='lat' dir='ltr'><strong>carcere,</strong></span> <span class='ocrx_word' id='word_1_274' title='bbox 1942 2285 1978 2344; x_wconf 93' lang='lat' dir='ltr'><strong>et</strong></span> <span class='ocrx_word' id='word_1_275' title='bbox 1992 2273 2150 2367; x_wconf 89' lang='lat' dir='ltr'><strong>compel·</strong></span> <span class='ocrx_word' id='word_1_276' title='bbox 2233 2291 2250 2318; x_wconf 81' lang='grc'><strong>·’</strong></span> 
     </span>
     <span class='ocr_line' id='line_1_21' title="bbox 99 2374 2151 2476; baseline -0.002 -26"><span class='ocrx_word' id='word_1_277' title='bbox 99 2380 163 2452; x_wconf 85' lang='lat' dir='ltr'><strong>tiis</strong></span> <span class='ocrx_word' id='word_1_278' title='bbox 183 2380 422 2465; x_wconf 85' lang='lat' dir='ltr'><strong>instruerent,</strong></span> <span class='ocrx_word' id='word_1_279' title='bbox 448 2389 489 2448; x_wconf 92' lang='lat' dir='ltr'><strong>ut</strong></span> <span class='ocrx_word' id='word_1_280' title='bbox 510 2379 691 2469; x_wconf 88' lang='lat' dir='ltr'><strong>praesidia</strong></span> <span class='ocrx_word' id='word_1_281' title='bbox 714 2380 762 2450; x_wconf 88' lang='lat' dir='ltr'><strong>ad</strong></span> <span class='ocrx_word' id='word_1_282' title='bbox 785 2399 912 2451; x_wconf 89' lang='lat' dir='ltr'><strong>omnes</strong></span> <span class='ocrx_word' id='word_1_283' title='bbox 930 2379 1099 2450; x_wconf 79' lang='lat' dir='ltr'><strong>fortunae</strong></span> <span class='ocrx_word' id='word_1_284' title='bbox 1150 2383 1241 2452; x_wconf 87' lang='lat' dir='ltr'><strong>lavit</strong></span> <span class='ocrx_word' id='word_1_285' title='bbox 1264 2407 1345 2451; x_wconf 91' lang='lat' dir='ltr'><strong>enm</strong></span> <span class='ocrx_word' id='word_1_286' title='bbox 1369 2380 1507 2452; x_wconf 88' lang='lat' dir='ltr'><strong>dicens:</strong></span> <span class='ocrx_word' id='word_1_287' title='bbox 1541 2377 1760 2476; x_wconf 58' lang='lat' dir='ltr'><strong>Domineffi)</strong></span> <span class='ocrx_word' id='word_1_288' title='bbox 1782 2374 1987 2472; x_wconf 90' lang='lat' dir='ltr'><strong>Imperator</strong></span> <span class='ocrx_word' id='word_1_289' title='bbox 2011 2375 2151 2469; x_wconf 89' lang='lat' dir='ltr'><strong>aperia-</strong></span> 
     </span>
     <span class='ocr_line' id='line_1_22' title="bbox 99 2478 2151 2576; baseline 0 -23"><span class='ocrx_word' id='word_1_290' title='bbox 99 2507 205 2554; x_wconf 91' lang='lat' dir='ltr'><strong>casus</strong></span> <span class='ocrx_word' id='word_1_291' title='bbox 223 2494 351 2575; x_wconf 90' lang='lat' dir='ltr'><strong>parata</strong></span> <span class='ocrx_word' id='word_1_292' title='bbox 368 2478 558 2552; x_wconf 87' lang='lat' dir='ltr'><strong>haberent.</strong></span> <span class='ocrx_word' id='word_1_293' title='bbox 624 2503 630 2516; x_wconf 90' lang='lat'><strong>·</strong></span> <span class='ocrx_word' id='word_1_294' title='bbox 1149 2486 1209 2556; x_wconf 90' lang='lat' dir='ltr'><strong>tis.</strong></span> <span class='ocrx_word' id='word_1_295' title='bbox 1274 2483 1477 2576; x_wconf 82' lang='lat' dir='ltr'><strong>Respondit</strong></span> <span class='ocrx_word' id='word_1_296' title='bbox 1498 2479 1718 2575; x_wconf 89' lang='lat' dir='ltr'><strong>Imperator:</strong></span> <span class='ocrx_word' id='word_1_297' title='bbox 1758 2480 1850 2574; x_wconf 65' lang='lat' dir='ltr'><strong>biche</strong></span> <span class='ocrx_word' id='word_1_298' title='bbox 1880 2481 2012 2575; x_wconf 58' lang='lat' dir='ltr'><strong>blattea</strong></span> <span class='ocrx_word' id='word_1_299' title='bbox 2034 2479 2151 2572; x_wconf 54' lang='lat' dir='ltr'><strong>stistte,</strong></span> 
     </span>
    </p>

    <p class='ocr_par' dir='ltr' id='par_1_9' title="bbox 96 2577 2213 3092">
     <span class='ocr_line' id='line_1_23' title="bbox 204 2577 2170 2682; baseline -0.009 -13"><span class='ocrx_word' id='word_1_300' title='bbox 204 2581 330 2654; x_wconf 72' lang='lat' dir='ltr'><strong>LXIX·</strong></span> <span class='ocrx_word' id='word_1_301' title='bbox 351 2582 565 2658; x_wconf 65' lang='lat' dir='ltr'><strong>Numidicuss</strong></span> <span class='ocrx_word' id='word_1_302' title='bbox 580 2591 749 2676; x_wconf 64' lang='grc' dir='ltr'><strong>ΰῦδθῑθῐ,</strong></span> <span class='ocrx_word' id='word_1_303' title='bbox 763 2582 827 2679; x_wconf 67' lang='lat' dir='ltr'><strong>qul</strong></span> <span class='ocrx_word' id='word_1_304' title='bbox 842 2577 1098 2656; x_wconf 64' lang='grc' dir='ltr'><strong>3011045·Μὸ</strong></span> <span class='ocrx_word' id='word_1_305' title='bbox 1152 2585 1241 2679; x_wconf 68' lang='lat' dir='ltr'><strong>stili</strong></span> <span class='ocrx_word' id='word_1_306' title='bbox 1255 2589 1357 2682; x_wconf 61' lang='lat' dir='ltr'><strong>ibunt</strong></span> <span class='ocrx_word' id='word_1_307' title='bbox 1372 2589 1444 2663; x_wconf 64' lang='lat' dir='ltr'><strong>{titt</strong></span> <span class='ocrx_word' id='word_1_308' title='bbox 1459 2588 1544 2671; x_wconf 69' lang='lat' dir='ltr'><strong>Beli.</strong></span> <span class='ocrx_word' id='word_1_309' title='bbox 1595 2581 1802 2655; x_wconf 79' lang='lat' dir='ltr'><strong>Postea&#39;hic</strong></span> <span class='ocrx_word' id='word_1_310' title='bbox 1818 2585 1908 2653; x_wconf 80' lang='lat' dir='ltr'><strong>dixit</strong></span> <span class='ocrx_word' id='word_1_311' title='bbox 1923 2585 1968 2652; x_wconf 91' lang='lat' dir='ltr'><strong>ad</strong></span> <span class='ocrx_word' id='word_1_312' title='bbox 1984 2582 2170 2664; x_wconf 61' lang='lat' dir='ltr'><strong>consilia„</strong></span> 
     </span>
     <span class='ocr_line' id='line_1_24' title="bbox 98 2683 2213 2778; baseline -0.004 -18"><span class='ocrx_word' id='word_1_313' title='bbox 98 2712 185 2760; x_wconf 87' lang='lat' dir='ltr'><strong>cum</strong></span> <span class='ocrx_word' id='word_1_314' title='bbox 211 2683 363 2758; x_wconf 85' lang='lat' dir='ltr'><strong>Caesare</strong></span> <span class='ocrx_word' id='word_1_315' title='bbox 374 2685 628 2778; x_wconf 78' lang='lat' dir='ltr'><strong>Witebergam</strong></span> <span class='ocrx_word' id='word_1_316' title='bbox 651 2686 836 2759; x_wconf 83' lang='lat' dir='ltr'><strong>obsidente</strong></span> <span class='ocrx_word' id='word_1_317' title='bbox 863 2700 962 2773; x_wconf 87' lang='lat' dir='ltr'><strong>erat,</strong></span> <span class='ocrx_word' id='word_1_318' title='bbox 987 2686 1099 2756; x_wconf 84' lang='lat' dir='ltr'><strong>excel·</strong></span> <span class='ocrx_word' id='word_1_319' title='bbox 1150 2692 1243 2762; x_wconf 88' lang='lat' dir='ltr'><strong>rios:</strong></span> <span class='ocrx_word' id='word_1_320' title='bbox 1278 2692 1463 2775; x_wconf 89' lang='lat' dir='ltr'><strong>Omittite,</strong></span> <span class='ocrx_word' id='word_1_321' title='bbox 1489 2684 1581 2760; x_wconf 94' lang='lat' dir='ltr'><strong>nihil</strong></span> <span class='ocrx_word' id='word_1_322' title='bbox 1603 2699 1750 2759; x_wconf 90' lang='lat' dir='ltr'><strong>tentate.</strong></span> <span class='ocrx_word' id='word_1_323' title='bbox 1802 2685 1930 2757; x_wconf 78' lang='lat' dir='ltr'><strong>Tertio</strong></span> <span class='ocrx_word' id='word_1_324' title='bbox 1952 2685 2010 2755; x_wconf 91' lang='lat' dir='ltr'><strong>die</strong></span> <span class='ocrx_word' id='word_1_325' title='bbox 2033 2709 2151 2778; x_wconf 81' lang='lat' dir='ltr'><strong>egres-</strong></span> <span class='ocrx_word' id='word_1_326' title='bbox 2208 2743 2213 2752; x_wconf 90' lang='lat'><strong>.</strong></span> 
     </span>
     <span class='ocr_line' id='line_1_25' title="bbox 96 2789 2150 2885; baseline -0.002 -23"><span class='ocrx_word' id='word_1_327' title='bbox 96 2790 190 2864; x_wconf 89' lang='lat' dir='ltr'><strong>lenti</strong></span> <span class='ocrx_word' id='word_1_328' title='bbox 210 2791 326 2862; x_wconf 82' lang='lat' dir='ltr'><strong>fertur</strong></span> <span class='ocrx_word' id='word_1_329' title='bbox 339 2789 447 2864; x_wconf 84' lang='lat' dir='ltr'><strong>luisse</strong></span> <span class='ocrx_word' id='word_1_330' title='bbox 465 2789 632 2882; x_wconf 83' lang='lat' dir='ltr'><strong>ingenio,</strong></span> <span class='ocrx_word' id='word_1_331' title='bbox 658 2800 693 2859; x_wconf 92' lang='lat' dir='ltr'><strong>et</strong></span> <span class='ocrx_word' id='word_1_332' title='bbox 709 2789 874 2885; x_wconf 85' lang='lat' dir='ltr'><strong>quamvis</strong></span> <span class='ocrx_word' id='word_1_333' title='bbox 895 2801 1098 2862; x_wconf 83' lang='lat' dir='ltr'><strong>monstrum</strong></span> <span class='ocrx_word' id='word_1_334' title='bbox 1151 2819 1211 2866; x_wconf 88' lang='lat' dir='ltr'><strong>sus</strong></span> <span class='ocrx_word' id='word_1_335' title='bbox 1235 2807 1288 2866; x_wconf 87' lang='lat' dir='ltr'><strong>est</strong></span> <span class='ocrx_word' id='word_1_336' title='bbox 1310 2807 1346 2866; x_wconf 88' lang='lat' dir='ltr'><strong>et</strong></span> <span class='ocrx_word' id='word_1_337' title='bbox 1366 2793 1470 2866; x_wconf 87' lang='lat' dir='ltr'><strong>iussit</strong></span> <span class='ocrx_word' id='word_1_338' title='bbox 1488 2791 1557 2865; x_wconf 90' lang='lat' dir='ltr'><strong>sibi</strong></span> <span class='ocrx_word' id='word_1_339' title='bbox 1577 2791 1749 2885; x_wconf 87' lang='lat' dir='ltr'><strong>apparari</strong></span> <span class='ocrx_word' id='word_1_340' title='bbox 1770 2814 1919 2860; x_wconf 90' lang='lat' dir='ltr'><strong>coenam</strong></span> <span class='ocrx_word' id='word_1_341' title='bbox 1947 2789 2085 2860; x_wconf 89' lang='lat' dir='ltr'><strong>lautam</strong></span> <span class='ocrx_word' id='word_1_342' title='bbox 2114 2799 2150 2859; x_wconf 91' lang='lat' dir='ltr'><strong>et</strong></span> 
     </span>
     <span class='ocr_line' id='line_1_26' title="bbox 99 2875 2151 2992; baseline -0.001 -28"><span class='ocrx_word' id='word_1_343' title='bbox 99 2908 199 2978; x_wconf 90' lang='lat' dir='ltr'><strong>erat,</strong></span> <span class='ocrx_word' id='word_1_344' title='bbox 239 2905 364 2964; x_wconf 85' lang='lat' dir='ltr'><strong>tamen</strong></span> <span class='ocrx_word' id='word_1_345' title='bbox 393 2893 523 2966; x_wconf 80' lang='lat' dir='ltr'><strong>dixisse</strong></span> <span class='ocrx_word' id='word_1_346' title='bbox 547 2893 662 2963; x_wconf 86' lang='lat' dir='ltr'><strong>fertur</strong></span> <span class='ocrx_word' id='word_1_347' title='bbox 688 2915 725 2962; x_wconf 91' lang='lat' dir='ltr'><strong>se</strong></span> <span class='ocrx_word' id='word_1_348' title='bbox 745 2915 822 2962; x_wconf 90' lang='lat' dir='ltr'><strong>non</strong></span> <span class='ocrx_word' id='word_1_349' title='bbox 845 2875 939 2964; x_wconf 78' lang='lat' dir='ltr'><strong>affici</strong></span> <span class='ocrx_word' id='word_1_350' title='bbox 959 2891 1099 2964; x_wconf 87' lang='lat' dir='ltr'><strong>maiore</strong></span> <span class='ocrx_word' id='word_1_351' title='bbox 1152 2897 1375 2990; x_wconf 86' lang='lat' dir='ltr'><strong>comportari</strong></span> <span class='ocrx_word' id='word_1_352' title='bbox 1398 2893 1570 2992; x_wconf 90' lang='lat' dir='ltr'><strong>quicquid</strong></span> <span class='ocrx_word' id='word_1_353' title='bbox 1592 2889 1751 2964; x_wconf 90' lang='lat' dir='ltr'><strong>habebat</strong></span> <span class='ocrx_word' id='word_1_354' title='bbox 1773 2893 1993 2965; x_wconf 88' lang='lat' dir='ltr'><strong>musicorum</strong></span> <span class='ocrx_word' id='word_1_355' title='bbox 2017 2889 2151 2963; x_wconf 89' lang='lat' dir='ltr'><strong>instru-</strong></span> 
     </span>
     <span class='ocr_line' id='line_1_27' title="bbox 99 2990 2151 3092; baseline -0.004 -19"><span class='ocrx_word' id='word_1_356' title='bbox 99 2998 230 3073; x_wconf 89' lang='lat' dir='ltr'><strong>dolore</strong></span> <span class='ocrx_word' id='word_1_357' title='bbox 246 2995 378 3069; x_wconf 87' lang='lat' dir='ltr'><strong>amisso</strong></span> <span class='ocrx_word' id='word_1_358' title='bbox 390 3019 527 3088; x_wconf 75' lang='lat' dir='ltr'><strong>regno,</strong></span> <span class='ocrx_word' id='word_1_359' title='bbox 553 3017 662 3092; x_wconf 89' lang='lat' dir='ltr'><strong>qnam</strong></span> <span class='ocrx_word' id='word_1_360' title='bbox 680 2995 809 3068; x_wconf 87' lang='lat' dir='ltr'><strong>amissa</strong></span> <span class='ocrx_word' id='word_1_361' title='bbox 826 2991 1058 3070; x_wconf 87' lang='lat' dir='ltr'><strong>bibliotheca.</strong></span> <span class='ocrx_word' id='word_1_362' title='bbox 1101 3053 1102 3056; x_wconf 63' lang='lat'><strong>,</strong></span> <span class='ocrx_word' id='word_1_363' title='bbox 1151 3014 1378 3087; x_wconf 91' lang='lat' dir='ltr'><strong>mentorum,</strong></span> <span class='ocrx_word' id='word_1_364' title='bbox 1423 2995 1589 3070; x_wconf 88' lang='lat' dir='ltr'><strong>adhibuit</strong></span> <span class='ocrx_word' id='word_1_365' title='bbox 1615 2997 1757 3092; x_wconf 89' lang='lat' dir='ltr'><strong>aliquos</strong></span> <span class='ocrx_word' id='word_1_366' title='bbox 1786 3021 1830 3066; x_wconf 83' lang='lat' dir='ltr'><strong>ex</strong></span> <span class='ocrx_word' id='word_1_367' title='bbox 1857 2990 2081 3090; x_wconf 90' lang='lat' dir='ltr'><strong>principibus</strong></span> <span class='ocrx_word' id='word_1_368' title='bbox 2115 3005 2151 3064; x_wconf 89' lang='lat' dir='ltr'><strong>et</strong></span> 
     </span>
    </p>

    <p class='ocr_par' dir='ltr' id='par_1_10' title="bbox 205 3096 2151 3199">
     <span class='ocr_line' id='line_1_28' title="bbox 205 3096 2151 3199; baseline 0 -32"><span class='ocrx_word' id='word_1_369' title='bbox 205 3096 314 3170; x_wconf 86' lang='lat' dir='ltr'><strong>LXX.</strong></span> <span class='ocrx_word' id='word_1_370' title='bbox 355 3099 579 3191; x_wconf 85' lang='lat' dir='ltr'><strong>Noribergae</strong></span> <span class='ocrx_word' id='word_1_371' title='bbox 605 3098 752 3193; x_wconf 87' lang='lat' dir='ltr'><strong>quidam</strong></span> <span class='ocrx_word' id='word_1_372' title='bbox 776 3099 865 3172; x_wconf 89' lang='lat' dir='ltr'><strong>artis</strong></span> <span class='ocrx_word' id='word_1_373' title='bbox 886 3098 1100 3170; x_wconf 89' lang='lat' dir='ltr'><strong>conficiendi</strong></span> <span class='ocrx_word' id='word_1_374' title='bbox 1151 3103 1383 3193; x_wconf 85' lang='lat' dir='ltr'><strong>consiliariis,</strong></span> <span class='ocrx_word' id='word_1_375' title='bbox 1424 3127 1580 3199; x_wconf 88' lang='lat' dir='ltr'><strong>quorum</strong></span> <span class='ocrx_word' id='word_1_376' title='bbox 1609 3100 1868 3172; x_wconf 89' lang='lat' dir='ltr'><strong>consuetudine</strong></span> <span class='ocrx_word' id='word_1_377' title='bbox 1894 3097 2151 3182; x_wconf 88' lang='lat' dir='ltr'><strong>delectabatur,</strong></span> 
     </span>
    </p>
   </div>
   <div class='ocr_carea' id='block_1_9' title="bbox 42 3179 2151 3404">
    <p class='ocr_par' dir='ltr' id='par_1_11' title="bbox 42 3179 2151 3404">
     <span class='ocr_line' id='line_1_29' title="bbox 42 3179 2151 3297; baseline -0.002 -24"><span class='ocrx_word' id='word_1_378' title='bbox 42 3179 50 3196; x_wconf 51' lang='grc'><strong><em>’</em></strong></span> <span class='ocrx_word' id='word_1_379' title='bbox 98 3189 321 3274; x_wconf 75' lang='lat' dir='ltr'><strong>bombardae</strong></span> <span class='ocrx_word' id='word_1_380' title='bbox 355 3203 519 3296; x_wconf 88' lang='lat' dir='ltr'><strong>peritus,</strong></span> <span class='ocrx_word' id='word_1_381' title='bbox 562 3201 941 3297; x_wconf 84' lang='lat' dir='ltr'><strong>ingeniosissimusque</strong></span> <span class='ocrx_word' id='word_1_382' title='bbox 973 3197 1100 3287; x_wconf 89' lang='lat' dir='ltr'><strong>homo,</strong></span> <span class='ocrx_word' id='word_1_383' title='bbox 1151 3219 1284 3277; x_wconf 91' lang='lat' dir='ltr'><strong>etcum</strong></span> <span class='ocrx_word' id='word_1_384' title='bbox 1301 3204 1655 3284; x_wconf 84' lang='lat' dir='ltr'><strong>illislocutusestde</strong></span> <span class='ocrx_word' id='word_1_385' title='bbox 1674 3205 1780 3273; x_wconf 89' lang='lat' dir='ltr'><strong>rebus</strong></span> <span class='ocrx_word' id='word_1_386' title='bbox 1803 3202 1962 3295; x_wconf 75' lang='lat' dir='ltr'><strong>magnis3</strong></span> <span class='ocrx_word' id='word_1_387' title='bbox 1986 3202 2049 3273; x_wconf 91' lang='lat' dir='ltr'><strong>sed</strong></span> <span class='ocrx_word' id='word_1_388' title='bbox 2070 3201 2151 3274; x_wconf 90' lang='lat' dir='ltr'><strong>uul-</strong></span> 
     </span>
     <span class='ocr_line' id='line_1_30' title="bbox 100 3302 1869 3404; baseline 0 -26"><span class='ocrx_word' id='word_1_389' title='bbox 100 3307 166 3378; x_wconf 92' lang='lat' dir='ltr'><strong>sed</strong></span> <span class='ocrx_word' id='word_1_390' title='bbox 188 3302 283 3374; x_wconf 88' lang='lat' dir='ltr'><strong>male</strong></span> <span class='ocrx_word' id='word_1_391' title='bbox 303 3303 519 3402; x_wconf 76' lang='lat' dir='ltr'><strong>tracuns⁸¹)</strong></span> <span class='ocrx_word' id='word_1_392' title='bbox 539 3315 714 3388; x_wconf 90' lang='lat' dir='ltr'><strong>matrem,</strong></span> <span class='ocrx_word' id='word_1_393' title='bbox 739 3329 819 3376; x_wconf 92' lang='lat' dir='ltr'><strong>cnm</strong></span> <span class='ocrx_word' id='word_1_394' title='bbox 837 3305 977 3380; x_wconf 83' lang='lat' dir='ltr'><strong>fecisset</strong></span> <span class='ocrx_word' id='word_1_395' title='bbox 996 3305 1099 3376; x_wconf 91' lang='lat' dir='ltr'><strong>bom·</strong></span> <span class='ocrx_word' id='word_1_396' title='bbox 1151 3313 1224 3382; x_wconf 90' lang='lat' dir='ltr'><strong>lam</strong></span> <span class='ocrx_word' id='word_1_397' title='bbox 1241 3309 1410 3404; x_wconf 86' lang='lat' dir='ltr'><strong>praebuit</strong></span> <span class='ocrx_word' id='word_1_398' title='bbox 1424 3310 1540 3379; x_wconf 88' lang='lat' dir='ltr'><strong>luctus</strong></span> <span class='ocrx_word' id='word_1_399' title='bbox 1557 3305 1869 3398; x_wconf 81' lang='lat' dir='ltr'><strong>significationem.</strong></span> 
     </span>
    </p>
   </div>
   <div class='ocr_carea' id='block_1_10' title="bbox 99 3407 2149 3526">
    <p class='ocr_par' dir='ltr' id='par_1_12' title="bbox 99 3407 2149 3526">
     <span class='ocr_line' id='line_1_31' title="bbox 99 3407 2149 3526; baseline 0.01 -49"><span class='ocrx_word' id='word_1_400' title='bbox 99 3409 254 3486; x_wconf 90' lang='lat' dir='ltr'><strong>bardam</strong></span> <span class='ocrx_word' id='word_1_401' title='bbox 277 3432 431 3492; x_wconf 91' lang='lat' dir='ltr'><strong>novam,</strong></span> <span class='ocrx_word' id='word_1_402' title='bbox 465 3407 581 3478; x_wconf 90' lang='lat' dir='ltr'><strong>voluit</strong></span> <span class='ocrx_word' id='word_1_403' title='bbox 598 3430 677 3478; x_wconf 91' lang='lat' dir='ltr'><strong>cam</strong></span> <span class='ocrx_word' id='word_1_404' title='bbox 701 3407 857 3499; x_wconf 80' lang='lat' dir='ltr'><strong>experiri</strong></span> <span class='ocrx_word' id='word_1_405' title='bbox 876 3407 996 3482; x_wconf 87' lang='lat' dir='ltr'><strong>infuso</strong></span> <span class='ocrx_word' id='word_1_406' title='bbox 1020 3408 1099 3500; x_wconf 90' lang='lat' dir='ltr'><strong>pul-</strong></span> <span class='ocrx_word' id='word_1_407' title='bbox 1254 3441 1427 3518; x_wconf 61' lang='lat' dir='ltr'>LXXfflL</span> <span class='ocrx_word' id='word_1_408' title='bbox 1477 3444 1649 3516; x_wconf 57' lang='lat' dir='ltr'><strong>scribunt</strong></span> <span class='ocrx_word' id='word_1_409' title='bbox 1684 3443 1728 3512; x_wconf 62' lang='lat' dir='ltr'><strong>de</strong></span> <span class='ocrx_word' id='word_1_410' title='bbox 1761 3437 1947 3526; x_wconf 52' lang='lat' dir='ltr'><strong>nimico</strong></span> <span class='ocrx_word' id='word_1_411' title='bbox 1980 3439 2149 3511; x_wconf 63' lang='lat' dir='ltr'><strong>palatino</strong></span> 
     </span>
    </p>
   </div>
   <div class='ocr_carea' id='block_1_11' title="bbox 100 3509 1098 3604">
    <p class='ocr_par' dir='ltr' id='par_1_13' title="bbox 100 3509 1098 3604">
     <span class='ocr_line' id='line_1_32' title="bbox 100 3509 1098 3604; baseline -0.002 -22"><span class='ocrx_word' id='word_1_412' title='bbox 100 3535 187 3582; x_wconf 86' lang='lat' dir='ltr'><strong>vere</strong></span> <span class='ocrx_word' id='word_1_413' title='bbox 217 3511 476 3596; x_wconf 90' lang='lat' dir='ltr'><strong>bombardico,</strong></span> <span class='ocrx_word' id='word_1_414' title='bbox 518 3533 626 3604; x_wconf 91' lang='lat' dir='ltr'><strong>quern</strong></span> <span class='ocrx_word' id='word_1_415' title='bbox 658 3509 832 3580; x_wconf 88' lang='lat' dir='ltr'><strong>eiaculata</strong></span> <span class='ocrx_word' id='word_1_416' title='bbox 857 3523 930 3595; x_wconf 87' lang='lat' dir='ltr'><strong>est,</strong></span> <span class='ocrx_word' id='word_1_417' title='bbox 976 3511 1098 3582; x_wconf 90' lang='lat' dir='ltr'><strong>statim</strong></span> 
     </span>
    </p>
   </div>
   <div class='ocr_carea' id='block_1_12' title="bbox 12 3612 2246 4671">
    <p class='ocr_par' dir='ltr' id='par_1_14' title="bbox 12 3612 2246 4671">
     <span class='ocr_line' id='line_1_33' title="bbox 99 3612 2150 3743; baseline -0.005 -18"><span class='ocrx_word' id='word_1_418' title='bbox 99 3641 227 3690; x_wconf 58' lang='lat' dir='ltr'><strong>mm</strong></span> <span class='ocrx_word' id='word_1_419' title='bbox 258 3615 392 3686; x_wconf 59' lang='lat' dir='ltr'>¹¹¹f¹¹d¹t</span> <span class='ocrx_word' id='word_1_420' title='bbox 422 3615 609 3736; x_wconf 58' lang='lat' dir='ltr'><strong>,pulverem</strong></span> <span class='ocrx_word' id='word_1_421' title='bbox 640 3613 927 3734; x_wconf 38' lang='lat' dir='ltr'><strong>bimbarfflfum·</strong></span> <span class='ocrx_word' id='word_1_422' title='bbox 989 3612 1100 3682; x_wconf 50' lang='grc' dir='ltr'><strong>ΒΜ</strong></span> <span class='ocrx_word' id='word_1_423' title='bbox 1152 3653 1294 3728; x_wconf 85' lang='lat' dir='ltr'><strong>vicisset</strong></span> <span class='ocrx_word' id='word_1_424' title='bbox 1326 3665 1399 3723; x_wconf 90' lang='lat' dir='ltr'><strong>tres</strong></span> <span class='ocrx_word' id='word_1_425' title='bbox 1431 3651 1612 3743; x_wconf 87' lang='lat' dir='ltr'><strong>principes</strong></span> <span class='ocrx_word' id='word_1_426' title='bbox 1645 3647 1866 3740; x_wconf 89' lang='lat' dir='ltr'><strong>Episcopum</strong></span> <span class='ocrx_word' id='word_1_427' title='bbox 1898 3641 2150 3719; x_wconf 85' lang='lat' dir='ltr'><strong>Marchionem</strong></span> 
     </span>
     <span class='ocr_line' id='line_1_34' title="bbox 99 3714 2151 3845; baseline -0.011 -5"><span class='ocrx_word' id='word_1_428' title='bbox 99 3720 216 3840; x_wconf 53' lang='lat' dir='ltr'><strong>lima</strong></span> <span class='ocrx_word' id='word_1_429' title='bbox 232 3714 350 3839; x_wconf 52' lang='lat' dir='ltr'><strong>idhuc</strong></span> <span class='ocrx_word' id='word_1_430' title='bbox 364 3718 478 3838; x_wconf 55' lang='lat' dir='ltr'><strong>mima</strong></span> <span class='ocrx_word' id='word_1_431' title='bbox 497 3741 578 3788; x_wconf 64' lang='lat' dir='ltr'><strong>cum</strong></span> <span class='ocrx_word' id='word_1_432' title='bbox 593 3715 712 3836; x_wconf 52' lang='lat' dir='ltr'><strong>pulvis</strong></span> <span class='ocrx_word' id='word_1_433' title='bbox 726 3730 816 3836; x_wconf 58' lang='lat' dir='ltr'><strong>‘im</strong></span> <span class='ocrx_word' id='word_1_434' title='bbox 828 3741 1007 3837; x_wconf 56' lang='lat' dir='ltr'>¹¹¹⁶fnsus’</span> <span class='ocrx_word' id='word_1_435' title='bbox 1033 3717 1101 3786; x_wconf 48' lang='grc' dir='ltr'><strong>Μ’</strong></span> <span class='ocrx_word' id='word_1_436' title='bbox 1151 3753 1686 3845; x_wconf 83' lang='lat' dir='ltr'><strong>Badensem,Wirtebergicnm</strong></span> <span class='ocrx_word' id='word_1_437' title='bbox 1704 3751 1960 3836; x_wconf 79' lang='lat' dir='ltr'><strong>etMetcnsem,</strong></span> <span class='ocrx_word' id='word_1_438' title='bbox 1987 3761 2023 3820; x_wconf 89' lang='lat' dir='ltr'><strong>et</strong></span> <span class='ocrx_word' id='word_1_439' title='bbox 2036 3751 2151 3843; x_wconf 80' lang='lat' dir='ltr'><strong>intro-</strong></span> 
     </span>
     <span class='ocr_line' id='line_1_35' title="bbox 99 3812 2152 3948; baseline -0.004 -15"><span class='ocrx_word' id='word_1_440' title='bbox 99 3825 436 3942; x_wconf 61' lang='lat' dir='ltr'><strong>h²,m³g¹⁸tm¹¹¹„l¹¹</strong></span> <span class='ocrx_word' id='word_1_441' title='bbox 458 3821 589 3943; x_wconf 49' lang='lat' dir='ltr'><strong>‘duim’</strong></span> <span class='ocrx_word' id='word_1_442' title='bbox 617 3832 653 3890; x_wconf 62' lang='lat' dir='ltr'><strong>‘t</strong></span> <span class='ocrx_word' id='word_1_443' title='bbox 673 3845 724 3891; x_wconf 70' lang='lat'><strong>⁸¹⁶</strong></span> <span class='ocrx_word' id='word_1_444' title='bbox 743 3822 930 3908; x_wconf 56' lang='lat' dir='ltr'><strong>mlerficst’</strong></span> <span class='ocrx_word' id='word_1_445' title='bbox 957 3831 994 3890; x_wconf 52' lang='grc' dir='ltr'><strong>Εἰ</strong></span> <span class='ocrx_word' id='word_1_446' title='bbox 1011 3812 1101 3892; x_wconf 57' lang='lat' dir='ltr'>haec</span> <span class='ocrx_word' id='word_1_447' title='bbox 1153 3861 1311 3946; x_wconf 73' lang='lat' dir='ltr'><strong>duxisset</strong></span> <span class='ocrx_word' id='word_1_448' title='bbox 1344 3884 1406 3932; x_wconf 87' lang='lat' dir='ltr'><strong>eos</strong></span> <span class='ocrx_word' id='word_1_449' title='bbox 1435 3859 1474 3930; x_wconf 91' lang='lat' dir='ltr'><strong>in</strong></span> <span class='ocrx_word' id='word_1_450' title='bbox 1510 3881 1628 3928; x_wconf 90' lang='lat' dir='ltr'><strong>arcem</strong></span> <span class='ocrx_word' id='word_1_451' title='bbox 1660 3853 1939 3948; x_wconf 74' lang='lat' dir='ltr'><strong>Heidelbergae,</strong></span> <span class='ocrx_word' id='word_1_452' title='bbox 1982 3851 2152 3925; x_wconf 85' lang='lat' dir='ltr'><strong>tractavit</strong></span> 
     </span>
     <span class='ocr_line' id='line_1_36' title="bbox 12 3926 2246 4059; baseline -0.005 -23"><span class='ocrx_word' id='word_1_453' title='bbox 12 3951 15 3960; x_wconf 62' lang='grc'><strong>’</strong></span> <span class='ocrx_word' id='word_1_454' title='bbox 99 3926 633 4018; x_wconf 60' lang='lat' dir='ltr'><strong>fintp⁰⁰¹¹³ffl¹¹¹¹¹g²³¹¹⁸¹3³</strong></span> <span class='ocrx_word' id='word_1_455' title='bbox 651 3937 828 4043; x_wconf 54' lang='lat' dir='ltr'><strong>“latf‘mfi</strong></span> <span class='ocrx_word' id='word_1_456' title='bbox 861 4008 864 4017; x_wconf 47' lang='grc' dir='ltr'>ι</span> <span class='ocrx_word' id='word_1_457' title='bbox 1152 3963 1234 4036; x_wconf 86' lang='lat' dir='ltr'><strong>illos</strong></span> <span class='ocrx_word' id='word_1_458' title='bbox 1248 3964 1393 4059; x_wconf 90' lang='lat' dir='ltr'><strong>quidem</strong></span> <span class='ocrx_word' id='word_1_459' title='bbox 1408 3958 1635 4045; x_wconf 89' lang='lat' dir='ltr'><strong>humaniter,</strong></span> <span class='ocrx_word' id='word_1_460' title='bbox 1661 3959 1724 4032; x_wconf 89' lang='lat' dir='ltr'><strong>sed</strong></span> <span class='ocrx_word' id='word_1_461' title='bbox 1737 3950 1778 4028; x_wconf 80' lang='lat' dir='ltr'><strong>in</strong></span> <span class='ocrx_word' id='word_1_462' title='bbox 1789 3956 1907 4051; x_wconf 92' lang='lat' dir='ltr'><strong>prima</strong></span> <span class='ocrx_word' id='word_1_463' title='bbox 1921 3951 1982 4026; x_wconf 83' lang='lat' dir='ltr'><strong>&#39;die</strong></span> <span class='ocrx_word' id='word_1_464' title='bbox 1998 3979 2074 4042; x_wconf 89' lang='lat' dir='ltr'><strong>non</strong></span> <span class='ocrx_word' id='word_1_465' title='bbox 2090 3956 2152 4026; x_wconf 91' lang='lat' dir='ltr'><strong>de·</strong></span> <span class='ocrx_word' id='word_1_466' title='bbox 2243 3978 2246 3988; x_wconf 91' lang='lat'><strong>·</strong></span> 
     </span>
     <span class='ocr_line' id='line_1_37' title="bbox 122 4024 2151 4160; baseline -0.007 -20"><span class='ocrx_word' id='word_1_467' title='bbox 122 4131 133 4148; x_wconf 85' lang='lat'>‚</span> <span class='ocrx_word' id='word_1_468' title='bbox 209 4025 330 4099; x_wconf 64' lang='lat' dir='ltr'><strong>LXXI*</strong></span> <span class='ocrx_word' id='word_1_469' title='bbox 369 4028 528 4148; x_wconf 59' lang='lat' dir='ltr'><strong>Q¹¹³J¹d⁰</strong></span> <span class='ocrx_word' id='word_1_470' title='bbox 550 4024 701 4146; x_wconf 53' lang='lat' dir='ltr'><strong>Cfmlus</strong></span> <span class='ocrx_word' id='word_1_471' title='bbox 722 4051 794 4095; x_wconf 65' lang='lat'><strong>¹³³¹</strong></span> <span class='ocrx_word' id='word_1_472' title='bbox 816 4038 1017 4146; x_wconf 45' lang='lat' dir='ltr'><strong>luperam</strong></span> <span class='ocrx_word' id='word_1_473' title='bbox 1041 4025 1101 4146; x_wconf 48' lang='lat'><strong>‘³⁰2</strong></span> <span class='ocrx_word' id='word_1_474' title='bbox 1154 4068 1208 4137; x_wconf 92' lang='lat' dir='ltr'><strong>dit</strong></span> <span class='ocrx_word' id='word_1_475' title='bbox 1225 4065 1434 4160; x_wconf 89' lang='lat' dir='ltr'><strong>cispanem.</strong></span> <span class='ocrx_word' id='word_1_476' title='bbox 1486 4062 1771 4158; x_wconf 84' lang='lat' dir='ltr'><strong>Quaesiverunt,</strong></span> <span class='ocrx_word' id='word_1_477' title='bbox 1798 4084 1862 4132; x_wconf 92' lang='lat' dir='ltr'><strong>cur</strong></span> <span class='ocrx_word' id='word_1_478' title='bbox 1882 4059 2024 4130; x_wconf 89' lang='lat' dir='ltr'><strong>eisnon</strong></span> <span class='ocrx_word' id='word_1_479' title='bbox 2046 4059 2151 4127; x_wconf 91' lang='lat' dir='ltr'><strong>dare-</strong></span> 
     </span>
     <span class='ocr_line' id='line_1_38' title="bbox 99 4129 2151 4266; baseline -0.004 -28"><span class='ocrx_word' id='word_1_480' title='bbox 99 4133 520 4252; x_wconf 56' lang='lat' dir='ltr'><strong>⁸¹3⁰³¹U⁸,A¹¹tverp¹³m</strong></span> <span class='ocrx_word' id='word_1_481' title='bbox 535 4154 693 4221; x_wconf 62' lang='lat' dir='ltr'><strong>prunum</strong></span> <span class='ocrx_word' id='word_1_482' title='bbox 712 4143 803 4200; x_wconf 61' lang='lat' dir='ltr'>‘sset</span> <span class='ocrx_word' id='word_1_483' title='bbox 824 4152 1024 4222; x_wconf 62' lang='lat' dir='ltr'><strong>¹¹¹3r⁰⁵⁵¹¹⁸’</strong></span> <span class='ocrx_word' id='word_1_484' title='bbox 1049 4129 1102 4197; x_wconf 66' lang='lat'>¹¹²¹</span> <span class='ocrx_word' id='word_1_485' title='bbox 1153 4184 1213 4242; x_wconf 90' lang='lat' dir='ltr'><strong>tur</strong></span> <span class='ocrx_word' id='word_1_486' title='bbox 1227 4171 1351 4266; x_wconf 78' lang='lat' dir='ltr'><strong>panis:</strong></span> <span class='ocrx_word' id='word_1_487' title='bbox 1376 4166 1479 4240; x_wconf 91' lang='lat' dir='ltr'><strong>iussit</strong></span> <span class='ocrx_word' id='word_1_488' title='bbox 1500 4167 1551 4239; x_wconf 88' lang='lat' dir='ltr'><strong>eis</strong></span> <span class='ocrx_word' id='word_1_489' title='bbox 1570 4161 1800 4257; x_wconf 88' lang='lat' dir='ltr'><strong>responderi:</strong></span> <span class='ocrx_word' id='word_1_490' title='bbox 1835 4161 1957 4232; x_wconf 84' lang='lat' dir='ltr'><strong>iecisse</strong></span> <span class='ocrx_word' id='word_1_491' title='bbox 1983 4185 2043 4232; x_wconf 91' lang='lat' dir='ltr'><strong>eos</strong></span> <span class='ocrx_word' id='word_1_492' title='bbox 2065 4183 2151 4230; x_wconf 83' lang='lat' dir='ltr'><strong>con-</strong></span> 
     </span>
     <span class='ocr_line' id='line_1_39' title="bbox 98 4232 2152 4360; baseline -0.003 -54"><span class='ocrx_word' id='word_1_493' title='bbox 98 4236 383 4330; x_wconf 82' lang='lat' dir='ltr'><strong>Antverprenses</strong></span> <span class='ocrx_word' id='word_1_494' title='bbox 404 4259 470 4304; x_wconf 86' lang='lat' dir='ltr'><strong>suo</strong></span> <span class='ocrx_word' id='word_1_495' title='bbox 495 4257 596 4338; x_wconf 88' lang='lat' dir='ltr'><strong>more</strong></span> <span class='ocrx_word' id='word_1_496' title='bbox 620 4232 820 4325; x_wconf 88' lang='lat' dir='ltr'><strong>spectacula</strong></span> <span class='ocrx_word' id='word_1_497' title='bbox 847 4232 1026 4352; x_wconf 60' lang='lat' dir='ltr'><strong>fecerant,</strong></span> <span class='ocrx_word' id='word_1_498' title='bbox 1066 4245 1103 4303; x_wconf 93' lang='lat' dir='ltr'><strong>et</strong></span> <span class='ocrx_word' id='word_1_499' title='bbox 1153 4288 1210 4346; x_wconf 58' lang='lat' dir='ltr'><strong>tm</strong></span> <span class='ocrx_word' id='word_1_500' title='bbox 1231 4271 1528 4345; x_wconf 55' lang='lat' dir='ltr'><strong>consuetudinem</strong></span> <span class='ocrx_word' id='word_1_501' title='bbox 1552 4270 1734 4340; x_wconf 61' lang='lat' dir='ltr'>bonorum</span> <span class='ocrx_word' id='word_1_502' title='bbox 1758 4268 1910 4350; x_wconf 40' lang='lat' dir='ltr'>ducum„</span> <span class='ocrx_word' id='word_1_503' title='bbox 1944 4263 2008 4360; x_wconf 62' lang='lat' dir='ltr'><strong>qui</strong></span> <span class='ocrx_word' id='word_1_504' title='bbox 2028 4255 2152 4357; x_wconf 45' lang='lat' dir='ltr'><strong>pappe-</strong></span> 
     </span>
     <span class='ocr_line' id='line_1_40' title="bbox 101 4333 2151 4468; baseline -0.004 -58"><span class='ocrx_word' id='word_1_505' title='bbox 101 4338 212 4410; x_wconf 86' lang='lat' dir='ltr'><strong>certis</strong></span> <span class='ocrx_word' id='word_1_506' title='bbox 233 4337 320 4409; x_wconf 92' lang='lat' dir='ltr'><strong>locis</strong></span> <span class='ocrx_word' id='word_1_507' title='bbox 343 4339 608 4409; x_wconf 88' lang='lat' dir='ltr'><strong>collocaverant</strong></span> <span class='ocrx_word' id='word_1_508' title='bbox 631 4336 749 4454; x_wconf 79' lang='lat' dir='ltr'><strong>nudas</strong></span> <span class='ocrx_word' id='word_1_509' title='bbox 769 4333 947 4455; x_wconf 45' lang='lat' dir='ltr'><strong>viraines,</strong></span> <span class='ocrx_word' id='word_1_510' title='bbox 964 4333 1033 4454; x_wconf 33' lang='lat' dir='ltr'><strong>‘it-a</strong></span> <span class='ocrx_word' id='word_1_511' title='bbox 1061 4346 1103 4405; x_wconf 91' lang='lat' dir='ltr'><strong>ut</strong></span> <span class='ocrx_word' id='word_1_512' title='bbox 1154 4389 1237 4448; x_wconf 55' lang='lat' dir='ltr'><strong>rent</strong></span> <span class='ocrx_word' id='word_1_513' title='bbox 1256 4377 1452 4468; x_wconf 53' lang='lat' dir='ltr'>segetibus,</span> <span class='ocrx_word' id='word_1_514' title='bbox 1492 4374 1590 4468; x_wconf 61' lang='lat' dir='ltr'><strong>ipsos</strong></span> <span class='ocrx_word' id='word_1_515' title='bbox 1611 4394 1699 4440; x_wconf 59' lang='lat' dir='ltr'><strong>vem</strong></span> <span class='ocrx_word' id='word_1_516' title='bbox 1723 4355 2010 4440; x_wconf 51' lang='lat' dir='ltr'><strong>vastassecvmas</strong></span> <span class='ocrx_word' id='word_1_517' title='bbox 2035 4391 2076 4438; x_wconf 60' lang='lat' dir='ltr'><strong>ac</strong></span> <span class='ocrx_word' id='word_1_518' title='bbox 2098 4365 2151 4435; x_wconf 57' lang='lat' dir='ltr'><strong>vi,</strong></span> 
     </span>
     <span class='ocr_line' id='line_1_41' title="bbox 97 4432 2150 4566; baseline -0.009 -11"><span class='ocrx_word' id='word_1_519' title='bbox 97 4444 404 4536; x_wconf 57' lang='lat' dir='ltr'><strong>praetenderetur</strong></span> <span class='ocrx_word' id='word_1_520' title='bbox 430 4441 549 4511; x_wconf 60' lang='lat' dir='ltr'><strong>velum</strong></span> <span class='ocrx_word' id='word_1_521' title='bbox 570 4462 736 4558; x_wconf 47' lang='lat' dir='ltr'><strong>sellem·</strong></span> <span class='ocrx_word' id='word_1_522' title='bbox 802 4437 903 4560; x_wconf 55' lang='grc' dir='ltr'><strong>,ΒΜ</strong></span> <span class='ocrx_word' id='word_1_523' title='bbox 924 4432 1015 4506; x_wconf 73' lang='lat' dir='ltr'>¹¹¹¹h¹</span> <span class='ocrx_word' id='word_1_524' title='bbox 1039 4435 1102 4508; x_wconf 63' lang='grc' dir='ltr'><strong>Μ’</strong></span> <span class='ocrx_word' id='word_1_525' title='bbox 1154 4504 1251 4552; x_wconf 89' lang='lat' dir='ltr'><strong>neas.</strong></span> <span class='ocrx_word' id='word_1_526' title='bbox 1302 4477 1433 4550; x_wconf 87' lang='lat' dir='ltr'><strong>Postea</strong></span> <span class='ocrx_word' id='word_1_527' title='bbox 1449 4475 1549 4547; x_wconf 87' lang='lat' dir='ltr'><strong>venit</strong></span> <span class='ocrx_word' id='word_1_528' title='bbox 1561 4471 1740 4566; x_wconf 88' lang='lat' dir='ltr'><strong>Spirensis</strong></span> <span class='ocrx_word' id='word_1_529' title='bbox 1754 4469 1974 4566; x_wconf 88' lang='lat' dir='ltr'><strong>Episcopus,</strong></span> <span class='ocrx_word' id='word_1_530' title='bbox 2001 4469 2064 4565; x_wconf 91' lang='lat' dir='ltr'><strong>qui</strong></span> <span class='ocrx_word' id='word_1_531' title='bbox 2084 4469 2150 4540; x_wconf 92' lang='lat' dir='ltr'><strong>cir-</strong></span> 
     </span>
     <span class='ocr_line' id='line_1_42' title="bbox 97 4541 2150 4671; baseline -0.009 -13"><span class='ocrx_word' id='word_1_532' title='bbox 97 4547 228 4617; x_wconf 61' lang='lat' dir='ltr'>b⁰r²¹¹⁵</span> <span class='ocrx_word' id='word_1_533' title='bbox 254 4543 437 4617; x_wconf 60' lang='lat' dir='ltr'>D¹¹¹⁰r¹¹⁵²</span> <span class='ocrx_word' id='word_1_534' title='bbox 477 4541 556 4636; x_wconf 53' lang='lat'><strong>133⁰</strong></span> <span class='ocrx_word' id='word_1_535' title='bbox 580 4543 770 4633; x_wconf 62' lang='lat' dir='ltr'><strong>d¹¹¹3⁰¹¹t²r</strong></span> <span class='ocrx_word' id='word_1_536' title='bbox 800 4542 897 4611; x_wconf 72' lang='lat' dir='ltr'>¹b³m</span> <span class='ocrx_word' id='word_1_537' title='bbox 926 4553 1101 4637; x_wconf 55' lang='lat' dir='ltr'><strong>“nquam</strong></span> <span class='ocrx_word' id='word_1_538' title='bbox 1155 4583 1388 4656; x_wconf 87' lang='lat' dir='ltr'><strong>cumdederat</strong></span> <span class='ocrx_word' id='word_1_539' title='bbox 1401 4581 1531 4651; x_wconf 92' lang='lat' dir='ltr'><strong>collum</strong></span> <span class='ocrx_word' id='word_1_540' title='bbox 1546 4579 1699 4671; x_wconf 88' lang='lat' dir='ltr'><strong>laqueo,</strong></span> <span class='ocrx_word' id='word_1_541' title='bbox 1725 4589 1761 4646; x_wconf 86' lang='lat' dir='ltr'><strong>et</strong></span> <span class='ocrx_word' id='word_1_542' title='bbox 1775 4575 1921 4646; x_wconf 89' lang='lat' dir='ltr'><strong>accessit</strong></span> <span class='ocrx_word' id='word_1_543' title='bbox 1937 4570 2086 4668; x_wconf 84' lang='lat' dir='ltr'><strong>supplex</strong></span> <span class='ocrx_word' id='word_1_544' title='bbox 2104 4573 2150 4642; x_wconf 91' lang='lat' dir='ltr'><strong>ad</strong></span> 
     </span>
    </p>
   </div>
   <div class='ocr_carea' id='block_1_13' title="bbox 97 4644 2050 4846">
    <p class='ocr_par' dir='ltr' id='par_1_15' title="bbox 97 4644 2050 4846">
     <span class='ocr_line' id='line_1_43' title="bbox 97 4644 2050 4773; baseline -0.01 -54"><span class='ocrx_word' id='word_1_545' title='bbox 97 4647 223 4742; x_wconf 92' lang='lat' dir='ltr'><strong>pictor</strong></span> <span class='ocrx_word' id='word_1_546' title='bbox 240 4649 524 4744; x_wconf 88' lang='lat' dir='ltr'><strong>contemplatum</strong></span> <span class='ocrx_word' id='word_1_547' title='bbox 537 4645 599 4717; x_wconf 86' lang='lat' dir='ltr'><strong>illa</strong></span> <span class='ocrx_word' id='word_1_548' title='bbox 615 4668 799 4739; x_wconf 63' lang='lat' dir='ltr'><strong>corpora,</strong></span> <span class='ocrx_word' id='word_1_549' title='bbox 817 4644 1103 4731; x_wconf 82' lang='lat' dir='ltr'><strong>considerabam,</strong></span> <span class='ocrx_word' id='word_1_550' title='bbox 1180 4685 1272 4759; x_wconf 59' lang='lat' dir='ltr'>rinei</span> <span class='ocrx_word' id='word_1_551' title='bbox 1300 4711 1354 4756; x_wconf 60' lang='lat' dir='ltr'><strong>em</strong></span> <span class='ocrx_word' id='word_1_552' title='bbox 1404 4709 1442 4756; x_wconf 58' lang='lat' dir='ltr'><strong>se</strong></span> <span class='ocrx_word' id='word_1_553' title='bbox 1457 4707 1539 4753; x_wconf 54' lang='lat' dir='ltr'><strong>reos</strong></span> <span class='ocrx_word' id='word_1_554' title='bbox 1554 4705 1628 4754; x_wconf 53' lang='lat' dir='ltr'>esse</span> <span class='ocrx_word' id='word_1_555' title='bbox 1645 4693 1680 4750; x_wconf 58' lang='lat' dir='ltr'><strong>et</strong></span> <span class='ocrx_word' id='word_1_556' title='bbox 1696 4677 1883 4773; x_wconf 51' lang='lat' dir='ltr'><strong>deprecari</strong></span> <span class='ocrx_word' id='word_1_557' title='bbox 1902 4677 2050 4748; x_wconf 46' lang='lat' dir='ltr'><strong>crimen·</strong></span> 
     </span>
     <span class='ocr_line' id='line_1_44' title="bbox 100 4711 1840 4846; baseline -0.003 -23"><span class='ocrx_word' id='word_1_558' title='bbox 100 4777 153 4823; x_wconf 88' lang='lat' dir='ltr'><strong>au</strong></span> <span class='ocrx_word' id='word_1_559' title='bbox 177 4747 381 4845; x_wconf 90' lang='lat' dir='ltr'><strong>Imperator</strong></span> <span class='ocrx_word' id='word_1_560' title='bbox 409 4749 612 4823; x_wconf 87' lang='lat' dir='ltr'><strong>deflecteret</strong></span> <span class='ocrx_word' id='word_1_561' title='bbox 641 4750 783 4829; x_wconf 89' lang='lat' dir='ltr'><strong>oculos;</strong></span> <span class='ocrx_word' id='word_1_562' title='bbox 824 4750 886 4821; x_wconf 88' lang='lat' dir='ltr'><strong>sed</strong></span> <span class='ocrx_word' id='word_1_563' title='bbox 913 4773 1101 4846; x_wconf 89' lang='lat' dir='ltr'><strong>nunquam</strong></span> <span class='ocrx_word' id='word_1_564' title='bbox 1154 4713 1178 4782; x_wconf 73' lang='lat' dir='ltr'>p</span> <span class='ocrx_word' id='word_1_565' title='bbox 1273 4711 1296 4780; x_wconf 73' lang='lat' dir='ltr'>p</span> <span class='ocrx_word' id='word_1_566' title='bbox 1367 4737 1378 4770; x_wconf 89' lang='lat'>’</span> <span class='ocrx_word' id='word_1_567' title='bbox 1812 4755 1840 4784; x_wconf 67' lang='lat'><strong>⁴*</strong></span> 
     </span>
    </p>
   </div>
   <div class='ocr_carea' id='block_1_14' title="bbox 100 4829 2151 4928">
    <p class='ocr_par' dir='ltr' id='par_1_16' title="bbox 100 4829 2151 4928">
     <span class='ocr_line' id='line_1_45' title="bbox 100 4829 2151 4928; baseline -0.014 -2"><span class='ocrx_word' id='word_1_568' title='bbox 100 4855 262 4928; x_wconf 82' lang='lat' dir='ltr'><strong>deflexit.</strong></span> <span class='ocrx_word' id='word_1_569' title='bbox 1257 4839 1399 4912; x_wconf 83' lang='lat' dir='ltr'><strong>LXXV.</strong></span> <span class='ocrx_word' id='word_1_570' title='bbox 1432 4833 1904 4910; x_wconf 83' lang='lat' dir='ltr'><strong>HeinricusBrunsuicensis</strong></span> <span class='ocrx_word' id='word_1_571' title='bbox 1919 4856 2000 4902; x_wconf 89' lang='lat' dir='ltr'><strong>cum</strong></span> <span class='ocrx_word' id='word_1_572' title='bbox 2015 4829 2151 4900; x_wconf 89' lang='lat' dir='ltr'><strong>bellum</strong></span> 
     </span>
    </p>
   </div>
   <div class='ocr_carea' id='block_1_15' title="bbox 1151 3541 2268 3645">
    <p class='ocr_par' dir='ltr' id='par_1_17' title="bbox 1151 3541 2268 3645">
     <span class='ocr_line' id='line_1_46' title="bbox 1151 3541 2268 3645; baseline -0.004 -27"><span class='ocrx_word' id='word_1_573' title='bbox 1151 3549 1360 3634; x_wconf 91' lang='lat' dir='ltr'><strong>victorioso,</strong></span> <span class='ocrx_word' id='word_1_574' title='bbox 1383 3547 1446 3645; x_wconf 88' lang='lat' dir='ltr'><strong>qui</strong></span> <span class='ocrx_word' id='word_1_575' title='bbox 1461 3547 1530 3619; x_wconf 84' lang='lat' dir='ltr'><strong>luit</strong></span> <span class='ocrx_word' id='word_1_576' title='bbox 1545 3571 1633 3618; x_wconf 85' lang='lat' dir='ltr'><strong>avus</strong></span> <span class='ocrx_word' id='word_1_577' title='bbox 1649 3542 1754 3615; x_wconf 90' lang='lat' dir='ltr'><strong>Lucii</strong></span> <span class='ocrx_word' id='word_1_578' title='bbox 1769 3541 1963 3637; x_wconf 85' lang='lat' dir='ltr'><strong>Principis,</strong></span> <span class='ocrx_word' id='word_1_579' title='bbox 1988 3542 2150 3638; x_wconf 88' lang='lat' dir='ltr'><strong>quicum</strong></span> <span class='ocrx_word' id='word_1_580' title='bbox 2206 3593 2245 3644; x_wconf 25' lang='grc' dir='ltr'><strong>ὑ,</strong></span> <span class='ocrx_word' id='word_1_581' title='bbox 2265 3554 2268 3559; x_wconf 85' lang='grc'><strong>“</strong></span> 
     </span>
    </p>
   </div>
   <div class='ocr_carea' id='block_1_16' title="bbox 208 4932 2276 5051">
    <p class='ocr_par' dir='ltr' id='par_1_18' title="bbox 208 4932 2276 5051">
     <span class='ocr_line' id='line_1_47' title="bbox 208 4932 2276 5051; baseline -0.012 -24"><span class='ocrx_word' id='word_1_582' title='bbox 208 4951 349 5030; x_wconf 86' lang='lat' dir='ltr'><strong>LXXII.</strong></span> <span class='ocrx_word' id='word_1_583' title='bbox 388 4956 472 5028; x_wconf 84' lang='lat' dir='ltr'><strong>Dux</strong></span> <span class='ocrx_word' id='word_1_584' title='bbox 503 4955 681 5028; x_wconf 85' lang='lat' dir='ltr'><strong>Saxoniae</strong></span> <span class='ocrx_word' id='word_1_585' title='bbox 716 4951 921 5026; x_wconf 85' lang='lat' dir='ltr'><strong>Fridericus</strong></span> <span class='ocrx_word' id='word_1_586' title='bbox 955 4957 1102 5051; x_wconf 87' lang='lat' dir='ltr'><strong>quando</strong></span> <span class='ocrx_word' id='word_1_587' title='bbox 1155 4959 1296 5041; x_wconf 81' lang='lat' dir='ltr'><strong>gereret</strong></span> <span class='ocrx_word' id='word_1_588' title='bbox 1315 4945 1355 5014; x_wconf 91' lang='lat' dir='ltr'><strong>in</strong></span> <span class='ocrx_word' id='word_1_589' title='bbox 1379 4940 1501 5027; x_wconf 89' lang='lat' dir='ltr'><strong>ltalia,</strong></span> <span class='ocrx_word' id='word_1_590' title='bbox 1540 4939 1695 5013; x_wconf 86' lang='lat' dir='ltr'><strong>vastavit</strong></span> <span class='ocrx_word' id='word_1_591' title='bbox 1717 4961 1862 5034; x_wconf 87' lang='lat' dir='ltr'><strong>quoque</strong></span> <span class='ocrx_word' id='word_1_592' title='bbox 1884 4959 2008 5026; x_wconf 80' lang='lat' dir='ltr'><strong>agros,</strong></span> <span class='ocrx_word' id='word_1_593' title='bbox 2047 4932 2152 5005; x_wconf 80' lang='lat' dir='ltr'><strong>villas</strong></span> <span class='ocrx_word' id='word_1_594' title='bbox 2271 5015 2276 5026; x_wconf 29' lang='grc' dir='ltr'>ι</span> 
     </span>
    </p>
   </div>
   <div class='ocr_carea' id='block_1_17' title="bbox 12 5037 2152 5363">
    <p class='ocr_par' dir='ltr' id='par_1_19' title="bbox 12 5037 2152 5363">
     <span class='ocr_line' id='line_1_48' title="bbox 57 5037 2151 5152; baseline -0.013 -18"><span class='ocrx_word' id='word_1_595' title='bbox 57 5047 58 5050; x_wconf 20' lang='lat'>¹</span> <span class='ocrx_word' id='word_1_596' title='bbox 100 5059 218 5133; x_wconf 88' lang='lat' dir='ltr'><strong>sensit</strong></span> <span class='ocrx_word' id='word_1_597' title='bbox 235 5087 271 5133; x_wconf 91' lang='lat' dir='ltr'><strong>se</strong></span> <span class='ocrx_word' id='word_1_598' title='bbox 295 5061 398 5131; x_wconf 90' lang='lat' dir='ltr'><strong>valde</strong></span> <span class='ocrx_word' id='word_1_599' title='bbox 415 5075 638 5131; x_wconf 88' lang='lat' dir='ltr'><strong>commotum</strong></span> <span class='ocrx_word' id='word_1_600' title='bbox 662 5082 756 5142; x_wconf 88' lang='lat' dir='ltr'><strong>esse,</strong></span> <span class='ocrx_word' id='word_1_601' title='bbox 782 5058 962 5150; x_wconf 83' lang='lat' dir='ltr'><strong>ingressus</strong></span> <span class='ocrx_word' id='word_1_602' title='bbox 987 5059 1103 5131; x_wconf 80' lang='lat' dir='ltr'><strong>est&#39;in</strong></span> <span class='ocrx_word' id='word_1_603' title='bbox 1145 5063 1192 5122; x_wconf 85' lang='lat' dir='ltr'><strong>&#39;et</strong></span> <span class='ocrx_word' id='word_1_604' title='bbox 1213 5063 1358 5144; x_wconf 81' lang='lat' dir='ltr'><strong>segetes.</strong></span> <span class='ocrx_word' id='word_1_605' title='bbox 1412 5044 1562 5139; x_wconf 90' lang='lat' dir='ltr'><strong>Scripsit</strong></span> <span class='ocrx_word' id='word_1_606' title='bbox 1581 5044 1628 5148; x_wconf 89' lang='lat' dir='ltr'><strong>ad</strong></span> <span class='ocrx_word' id='word_1_607' title='bbox 1653 5039 1843 5152; x_wconf 39' lang='lat' dir='ltr'><strong>cumsN„</strong></span> <span class='ocrx_word' id='word_1_608' title='bbox 1876 5037 1914 5110; x_wconf 89' lang='lat' dir='ltr'><strong>Si</strong></span> <span class='ocrx_word' id='word_1_609' title='bbox 1937 5037 2075 5108; x_wconf 89' lang='lat' dir='ltr'><strong>nullam</strong></span> <span class='ocrx_word' id='word_1_610' title='bbox 2103 5037 2151 5106; x_wconf 94' lang='lat' dir='ltr'><strong>ob</strong></span> 
     </span>
     <span class='ocr_line' id='line_1_49' title="bbox 101 5139 2152 5256; baseline -0.014 -20"><span class='ocrx_word' id='word_1_611' title='bbox 101 5188 212 5236; x_wconf 82' lang='lat' dir='ltr'><strong>suum</strong></span> <span class='ocrx_word' id='word_1_612' title='bbox 228 5161 451 5248; x_wconf 84' lang='lat' dir='ltr'><strong>cubiculum,</strong></span> <span class='ocrx_word' id='word_1_613' title='bbox 477 5177 603 5234; x_wconf 90' lang='lat' dir='ltr'><strong>etnon</strong></span> <span class='ocrx_word' id='word_1_614' title='bbox 625 5187 783 5256; x_wconf 80' lang='lat' dir='ltr'><strong>egressus</strong></span> <span class='ocrx_word' id='word_1_615' title='bbox 802 5175 873 5247; x_wconf 89' lang='lat' dir='ltr'><strong>est,</strong></span> <span class='ocrx_word' id='word_1_616' title='bbox 907 5165 1021 5234; x_wconf 87' lang='lat' dir='ltr'><strong>donec</strong></span> <span class='ocrx_word' id='word_1_617' title='bbox 1043 5160 1102 5235; x_wconf 83' lang='lat' dir='ltr'><strong>ille</strong></span> <span class='ocrx_word' id='word_1_618' title='bbox 1156 5156 1265 5226; x_wconf 90' lang='lat' dir='ltr'><strong>aliam</strong></span> <span class='ocrx_word' id='word_1_619' title='bbox 1282 5176 1426 5256; x_wconf 82' lang='lat' dir='ltr'><strong>causam</strong></span> <span class='ocrx_word' id='word_1_620' title='bbox 1441 5149 1549 5220; x_wconf 88' lang='lat' dir='ltr'><strong>vellet</strong></span> <span class='ocrx_word' id='word_1_621' title='bbox 1563 5169 1711 5241; x_wconf 89' lang='lat' dir='ltr'><strong>parcere</strong></span> <span class='ocrx_word' id='word_1_622' title='bbox 1727 5143 1924 5237; x_wconf 84' lang='lat' dir='ltr'><strong>segetibus,</strong></span> <span class='ocrx_word' id='word_1_623' title='bbox 1948 5153 1991 5214; x_wconf 89' lang='lat' dir='ltr'><strong>ut</strong></span> <span class='ocrx_word' id='word_1_624' title='bbox 2010 5163 2095 5213; x_wconf 90' lang='lat' dir='ltr'><strong>suae</strong></span> <span class='ocrx_word' id='word_1_625' title='bbox 2113 5139 2152 5208; x_wconf 92' lang='lat' dir='ltr'><strong>id</strong></span> 
     </span>
     <span class='ocr_line' id='line_1_50' title="bbox 12 5235 2151 5363; baseline -0.012 -25"><span class='ocrx_word' id='word_1_626' title='bbox 12 5285 14 5292; x_wconf 81' lang='grc'><em>’</em></span> <span class='ocrx_word' id='word_1_627' title='bbox 99 5279 228 5339; x_wconf 86' lang='lat' dir='ltr'><strong>motus</strong></span> <span class='ocrx_word' id='word_1_628' title='bbox 243 5268 395 5352; x_wconf 89' lang='lat' dir='ltr'><strong>resedit,</strong></span> <span class='ocrx_word' id='word_1_629' title='bbox 419 5287 485 5338; x_wconf 88' lang='lat' dir='ltr'><strong>nec</strong></span> <span class='ocrx_word' id='word_1_630' title='bbox 501 5289 721 5363; x_wconf 90' lang='lat' dir='ltr'><strong>quemquam</strong></span> <span class='ocrx_word' id='word_1_631' title='bbox 737 5267 781 5334; x_wconf 92' lang='lat' dir='ltr'><strong>ad</strong></span> <span class='ocrx_word' id='word_1_632' title='bbox 797 5289 834 5338; x_wconf 91' lang='lat' dir='ltr'><strong>se</strong></span> <span class='ocrx_word' id='word_1_633' title='bbox 849 5264 1006 5338; x_wconf 89' lang='lat' dir='ltr'><strong>admisit.</strong></span> <span class='ocrx_word' id='word_1_634' title='bbox 1155 5258 1288 5333; x_wconf 85' lang='lat' dir='ltr'><strong>iaceret</strong></span> <span class='ocrx_word' id='word_1_635' title='bbox 1302 5253 1466 5328; x_wconf 91' lang='lat' dir='ltr'><strong>utilitatis</strong></span> <span class='ocrx_word' id='word_1_636' title='bbox 1482 5247 1609 5336; x_wconf 75' lang='lat' dir='ltr'><strong>causa,</strong></span> <span class='ocrx_word' id='word_1_637' title='bbox 1634 5264 1675 5322; x_wconf 88' lang='lat' dir='ltr'><strong>ut</strong></span> <span class='ocrx_word' id='word_1_638' title='bbox 1689 5259 1814 5343; x_wconf 89' lang='lat' dir='ltr'><strong>postea</strong></span> <span class='ocrx_word' id='word_1_639' title='bbox 1830 5259 2071 5318; x_wconf 89' lang='lat' dir='ltr'><strong>commeatum</strong></span> <span class='ocrx_word' id='word_1_640' title='bbox 2086 5235 2151 5313; x_wconf 93' lang='lat' dir='ltr'><strong>ha-</strong></span> 
     </span>
    </p>
   </div>
   <div class='ocr_carea' id='block_1_18' title="bbox 1157 5421 1362 5438">
    <p class='ocr_par' dir='ltr' id='par_1_20' title="bbox 1157 5421 1362 5438">
     <span class='ocr_line' id='line_1_51' title="bbox 1157 5421 1362 5438; baseline -0.01 -2"><span class='ocrx_word' id='word_1_641' title='bbox 1157 5421 1362 5438; x_wconf 51' lang='lat' dir='ltr'>m</span> 
     </span>
    </p>
   </div>
   <div class='ocr_carea' id='block_1_19' title="bbox 140 5485 2059 5570">
    <p class='ocr_par' dir='ltr' id='par_1_21' title="bbox 140 5485 2059 5570">
     <span class='ocr_line' id='line_1_52' title="bbox 140 5485 2059 5570; baseline -0.006 -14"><span class='ocrx_word' id='word_1_642' title='bbox 140 5499 192 5570; x_wconf 73' lang='lat'><strong>8⁴)</strong></span> <span class='ocrx_word' id='word_1_643' title='bbox 211 5498 352 5568; x_wconf 77' lang='lat' dir='ltr'><strong>tractam]</strong></span> <span class='ocrx_word' id='word_1_644' title='bbox 369 5500 454 5555; x_wconf 71' lang='lat' dir='ltr'><strong>cod:</strong></span> <span class='ocrx_word' id='word_1_645' title='bbox 478 5501 629 5552; x_wconf 70' lang='lat' dir='ltr'><strong>tractasset</strong></span> <span class='ocrx_word' id='word_1_646' title='bbox 1192 5495 1241 5567; x_wconf 73' lang='lat' dir='ltr'><strong>tt)</strong></span> <span class='ocrx_word' id='word_1_647' title='bbox 1258 5495 1390 5560; x_wconf 76' lang='lat' dir='ltr'><strong>nonne]</strong></span> <span class='ocrx_word' id='word_1_648' title='bbox 1408 5493 1476 5550; x_wconf 81' lang='lat' dir='ltr'><strong>cti.</strong></span> <span class='ocrx_word' id='word_1_649' title='bbox 1493 5493 1577 5547; x_wconf 81' lang='lat' dir='ltr'><strong>istst</strong></span> <span class='ocrx_word' id='word_1_650' title='bbox 1595 5490 1757 5558; x_wconf 81' lang='lat' dir='ltr'><strong>scriptionis</strong></span> <span class='ocrx_word' id='word_1_651' title='bbox 1776 5489 1982 5558; x_wconf 74' lang='lat' dir='ltr'><strong>compendien:</strong></span> <span class='ocrx_word' id='word_1_652' title='bbox 2007 5485 2059 5544; x_wconf 87' lang='lat'><strong>.1).</strong></span> 
     </span>
    </p>
   </div>
   <div class='ocr_carea' id='block_1_20' title="bbox 0 0 2460 5956">
    <p class='ocr_par' dir='ltr' id='par_1_22' title="bbox 0 0 2460 5956">
     <span class='ocr_line' id='line_1_53' title="bbox 0 0 2460 5956; baseline 0 0"><span class='ocrx_word' id='word_1_653' title='bbox 0 0 2460 5956; x_wconf 95' lang='lat' dir='ltr'><strong> </strong></span> 
     </span>
    </p>
   </div>
  </div>
 </body>
</html>
