4812 5964
86 289 155 368 229
692 324 697 333 ·
736 286 859 360 XCVI.
912 287 1244 362 GRAMMA'PICA
1275 289 1469 362 LATle.
2044 295 2122 372 ΞΝ

84 460 195 524 andere
223 456 375 536 possimus.
423 457 490 518 aar
518 467 586 518 aunt
614 468 645 517 et
665 460 743 520 aliae
766 479 890 540 magnae
913 463 1067 521 literarum
1088 463 1247 538 utilitates,
1280 475 1379 522 minen
1405 461 1479 522 haec
1502 463 1666 542 praecipue
1688 463 1779 522 bonas
1799 475 1916 525 mentes
1937 467 1977 524 ad
1998 466 2119 526 discen·
2158 499 2162 508 ·

3 585 4 610 2
80 547 147 608 ὀοιο
168 543 294 603 ὶοτὶιοτο
316 542 415 602 debet.
460 544 514 602 Eat
535 561 584 602 res
605 561 717 622 persa,
739 547 848 624 figuras
871 547 1053 622 literarump
1068 547 1213 623 syllabas,
1242 566 1347 609 vocum
1365 565 1479 626 genera
1497 557 1529 608 et
1548 565 1633 608 casus
1658 547 1835 622 ostendere;
1867 550 1921 610 sed
1937 549 2012 610 haec
2028 569 2122 630 parta

3 675 4 678 ,
82 647 127 692 scs
153 629 267 690 aditam
295 626 437 705 patefacit
464 629 504 688 ad
532 629 710 706 agnitionem
730 631 824 692 Dei.-
856 633 992 694 Gloriosa
1019 650 1068 690 res
1090 629 1164 692 lolio
1177 634 1204 712 *J
1233 651 1300 693 esse
1330 633 1467 709 ducitur,
1495 633 1574 713 quod
1594 634 1729 694 maximis
1751 634 1900 696 laboribus
1923 636 2001 715 capit
2021 639 2121 714 urbes,

3 719 5 796 f
83 717 191 778 dimicat
213 713 245 770 in
267 713 349 788 scie,
371 715 520 774 coustituit
542 715 660 792 politiae
682 715 713 774 is
735 717 854 779 urbibus
872 718 999 778 domitis.
1041 717 1103 776 llos
1123 729 1222 779 tantos
1244 719 1361 778 labores
1382 717 1420 778 ad
1443 736 1534 796 quem
1556 717 1647 778 finem
1669 720 1788 778 tandem
1810 717 1930 782 referti
1957 730 1991 780 ut
2012 734 2119 798 poten-

3 865 4 874 ,
83 803 119 862 tiu
141 799 272 858 omuibus
300 797 465 858 homiuibus
496 799 674 878 antecellat,
708 819 784 878 quae
812 821 901 881 quam
927 803 1018 862 fuerit
1046 803 1158 864 stabilis
1188 813 1239 864 aut
1260 803 1419 879 diuturna,
1447 805 1546 864 esitus
1567 803 1708 864 ostendit.
1757 808 1796 866 At
1817 806 1913 865 David
1934 823 1983 865 res
2005 807 2118 867 similes

83 887 167 966 gen't,
196 883 379 963 praeliatur,
407 885 487 962 sapit
514 885 620 962 urbes,
649 887 799 946 constituit
826 887 959 966 politius:
994 905 1084 969 quem
1105 889 1143 948 ad
1166 885 1281 950 merul
1318 899 1350 948 ut
1372 889 1452 948 domi
1473 889 1616 950 audentea
1636 907 1745 967 pueros
1766 903 1798 950 et
1820 891 1936 968 puellas
1956 892 1988 948 in
2010 890 2121 950 Schola

85 973 220 1032 discentes
242 969 362 1041 literas,
390 980 424 1028 et
444 970 604 1031 lectionem
625 971 840 1049 Prophetarum
863 972 1022 1048 defendat,
1050 985 1083 1032 ut
1103 975 1262 1053 propagari
1283 971 1437 1034 &clauc
1459 975 1594 1036 doctrina
1615 977 1719 1053 possit.
1761 973 1834 1036 ldeo
1857 977 2020 1054 praecipue
2042 977 2121 1054 gerit

82 1073 155 1116 aissa
174 1053 290 1129 David,
319 1067 351 1113 ut
380 1055 611 1132 pulverulentae
632 1055 759 1118 Scholae
787 1060 917 1136 parietes
946 1067 1037 1138 tegat.
1093 1059 1133 1120 Et
1157 1059 1237 1120 hunc
1257 1061 1303 1120 sui
1324 1060 1432 1120 laboris
1453 1059 1545 1120 hem
1565 1061 1659 1120 maius
1680 1063 1790 1120 boum
1811 1077 1894 1138 esse,
1926 1079 2013 1140 quam
2036 1079 2120 1121 suam

83 1141 234 1220 pendam
262 1140 414 1218 isachigit.
469 1141 542 1200 Cum
571 1143 660 1219 igitur
688 1141 762 1202 baec
783 1145 881 1204 studia
901 1145 1054 1204 literarum
1076 1156 1107 1204 ct
1128 1148 1291 1224 praecipue
1311 1145 1526 1206 Grammaticos
1547 1147 1676 1206 maxime
1697 1148 1865 1206 necessaria
1886 1147 1945 1205 siut
1967 1145 2120 1205 Ecclesiae

83 1225 152 1302 ilci,
171 1241 277 1287 omues
305 1228 413 1286 summi
440 1239 530 1305 utque
558 1227 650 1288 infimi
679 1237 802 1306 propter
823 1230 948 1308 gloriam
968 1231 1026 1290 Dei
1047 1247 1085 1289 ea
1105 1233 1237 1292 excitare
1258 1241 1290 1292 et
1311 1233 1389 1292 tueri
1411 1241 1572 1308 conentur,
1604 1249 1660 1291 nec
1681 1230 1849 1293 dubitemus
1869 1231 1935 1290 Deo
1955 1241 2041 1308 grata
2062 1230 2119 1290 Sa-

86 1313 183 1372 crilicia
203 1329 271 1372 asse
293 1310 347 1370 bas
367 1311 446 1388 ipsas
469 1329 575 1390 operas
597 1325 730 1390 nutam,
753 1316 978 1376 monstrationes
1000 1315 1170 1393 literarum,
1191 1316 1334 1377 flexiones
1354 1335 1477 1392 vocum,
1496 1315 1666 1392 Syntaxea
1703 1317 1771 1378 Non
1794 1320 1930 1394 vitupero
1947 1315 2019 1376 alias
2039 1327 2118 1376 artes

87 1409 131 1457 aut
149 1399 222 1456 ritae
244 1397 374 1475 gradus,
400 1407 434 1454 ut
455 1399 535 1456 enim
556 1415 655 1458 sermo
678 1417 717 1458 ex
740 1401 863 1460 dirersis
885 1401 979 1460 literis
1002 1410 1137 1479 constat,
1169 1404 1210 1462 ita
1230 1402 1331 1462 multis
1352 1403 1463 1460 artibus
1487 1401 1561 1462 haec
1582 1401 1733 1462 bominum
1756 1405 1881 1464 societas
1902 1402 2040 1480 copulata
2060 1411 2117 1464 est.

85 1483 139 1543 Sed
157 1491 234 1540 artes
256 1483 387 1542 maxime
408 1484 590 1542 necessarias
613 1483 764 1544 Ecclesiae
786 1485 947 1566 plurimum
969 1485 1081 1545 habere
1103 1504 1193 1566 serae
1215 1487 1382 1566 dignitatis,
1412 1503 1460 1546 res
1481 1487 1547 1564 ipsa
1568 1488 1709 1565 loquitur.

199 1566 262 1626 Oro
286 1566 376 1644 igitur
397 1578 522 1646 propter
542 1569 656 1648 Deum,
685 1579 719 1628 ut
739 1569 792 1629 has
815 1581 929 1630 nostras
952 1589 1058 1650 operas
1079 1573 1148 1630 boni
1172 1573 1243 1643 riri,
1272 1574 1303 1630 in
1324 1573 1512 1648 Civitatibus,
1540 1573 1590 1650 qui
1618 1574 1776 1634 autoritate
1805 1573 1938 1652 pollent,
1967 1583 2116 1650 meantes,

84 1652 214 1710 docontes
234 1671 295 1709 non
318 1651 487 1730 negligant,
516 1654 700 1714 iuventutem
722 1657 782 1714 suis
803 1658 984 1716 sermonibus
1008 1656 1046 1714 ad
1069 1675 1199 1718 amorem
1221 1668 1253 1717 et
1274 1657 1499 1716 admirationem
1521 1658 1673 1716 literarum
1694 1657 1905 1720 adsuefaciunt
1950 1656 2014 1716 Etsi
2036 1659 2118 1717 labor

84 1737 111 1794 in
130 1757 161 1797 re
180 1755 273 1814 persa
294 1738 436 1815 sumitur,
457 1739 487 1796 is
509 1738 682 1818 repetendis
704 1749 735 1800 et
758 1741 939 1802 illustrandis
961 1743 1157 1821 grammaticis
1178 1745 1450 1822 praeceptionibus,
1481 1753 1579 1802 mmen
1601 1743 1752 1804 Ecclesiae
1773 1744 1957 1802 necesmmua
1978 1754 2033 1803 cst.

200 1823 270 1882 ldea
290 1821 328 1881 ct‘
342 1823 442 1882 Lscse
459 1823 554 1883 Lossii
573 1825 755 1885 voluntatem
775 1830 877 1906 probo.
921 1828 961 1888 Et
983 1845 1050 1886 cum
1071 1829 1205 1888 riderem
1227 1830 1363 1909 opusculi
1386 1829 1528 1905 lormam,
1551 1829 1663 1907 placuit
1685 1831 1846 1889 consilium.
1890 1829 1973 1890 Utile
1994 1838 2042 1887 est
2062 1843 2118 1905 per

85 1909 317 1986 interrogationes
339 1919 502 1986 praecepta
523 1909 680 1988 inculcari,
710 1923 742 1970 ut
763 1930 855 1990 saepe
877 1915 1017 1994 comperi.

202 1995 305 2064 Quare
326 1993 404 2054 hunc
426 1994 559 2054 libellum
581 1995 665 2054 bonis
685 1997 754 2056 siris
775 1999 964 2074 commendo,
991 2000 1042 2078 qui
1064 1999 1222 2078 pueritiam
1245 1998 1402 2064 audiunt.
1433 1999 1511 2076 ipsos
1534 2000 1624 2058 etiam
1646 2000 1803 2077 adhortor,
1835 2015 1867 2058 ut
1888 2017 1941 2060 sua
1963 1995 2119 2058 concordia

87 2089 114 2137 et
133 2091 234 2138 ornent
264 2089 296 2139 et
325 2079 459 2139 meumst
482 2092 613 2139 cosmum
635 2081 786 2158 ordinem,
822 2101 968 2143 memores
990 2083 1126 2144 versiculi
1155 2081 1323 2166 [Theocrit.
1345 2080 1436 2159 ldyll.
1457 2081 1509 2158 lx,
1526 2079 1598 2165 dh]
1636 2082 1755 2156 Τέττιξ
1775 2084 1839 2163 μὲν
1857 2083 1984 2159 τέττιγι
2006 2077 2119 2163 φίλος,
2165 2115 2170 2124 ·

85 2158 225 2242 pdppuss
252 2157 291 2226 dd
317 2160 464 2246 μύρμαξ.
514 2165 578 2243 Ego
605 2166 725 2244 quidem
753 2167 882 2228 fideliter
911 2179 942 2228 et
972 2169 1054 2228 recle
1083 2169 1224 2228 docentes
1246 2169 1483 2245 Grammaticea,
1512 2167 1713 2246 Dialectiren,
1742 2181 1773 2230 et
1797 2170 1946 2230 elementa
1966 2169 2118 2228 doctrinas

86 2249 270 2325 (Baianae,
291 2249 388 2311 iudico
411 2251 523 2330 optime
544 2253 655 2310 mereri
675 2253 714 2312 da
734 2253 889 2330 Ecchsia,
913 2263 947 2314 et
966 2263 1106 2332 tanquam
1127 2251 1187 2312 Dei
1208 2254 1355 2312 minhtros
1376 2272 1453 2312 amo.
1496 2255 1592 2318 llatae
1615 2257 1824 2334 Witebergae,
1845 2257 1894 2316 die
1914 2252 1965 2318 18.
1983 2253 2118 2333 Augusti.

86 2337 163 2392 Anao
184 2333 275 2396 1544.

206 2420 305 2479 Altera
323 2419 522 2480 hlelanthonis
548 2421 672 2500 epistola
701 2418 878 2500 (praefatio)
906 2421 945 2480 ad
966 2423 1078 2482 Lucam
1099 2423 1234 2484 Loesium
1255 2423 1383 2498 Syntaxi
1410 2422 1496 2480 huius
1527 2424 1594 2482 libri
1617 2425 1778 2503 praemissa
1800 2437 1862 2502 est,
1893 2441 1970 2502 quae
1992 2425 2063 2484 item
2085 2424 2115 2480 iu

85 2503 142 2560 illis
163 2504 239 2563 libris
261 2525 315 2563 nou
336 2507 504 2583 invenitur,
536 2506 648 2566 scilicet
669 2504 795 2565 haecce:

687 2670 871 2757 Paurppss
893 2671 1095 2739 Melanthea
1116 2673 1235 2738 nacae
1255 2673 1377 2738 Lasaia
1398 2672 1435 2738 S.
1453 2671 1497 2738 D.

202 2793 267 2853 litai
296 2796 355 2854 scio
376 2813 435 2854 non
457 2797 649 2871 brevitatem,
680 2795 737 2854 sed
757 2797 876 2856 modam
898 2799 929 2855 in
950 2801 1119 2877 praeceptis
1142 2797 1320 2856 laudandum
1344 2813 1429 2874 ease,
1463 2807 1564 2856 nmen
1585 2815 1653 2855 cum
1673 2795 1889 2872 Etymologiam
1915 2805 1946 2852 et
1968 2795 2115 2870 Syntaxin

84 2881 250 2961 κήδειοι,
278 2880 338 2939 ridi
359 2881 560 2958 prolixitatem
581 2881 764 2959 llrsssicaui,
783 2897 875 2960 quen
895 2891 966 2942 tunc
988 2882 1055 2944 lere
1078 2884 1235 2964 legebant,
1257 2883 1400 2942 remorari
1421 2881 1579 2942 discentes.
1623 2881 1732 2960 Scripsi
1753 2880 1843 2959 igitur
1865 2888 2029 2959 praecepta
2047 2879 2118 2938 bre·

85 2969 171 3044 viora,
198 2977 303 3046 postea
323 2967 400 3026 alius
420 2966 503 3026 aliud
523 2967 646 3030 addidit.
698 2965 739 3026 Et
759 2968 791 3025 iu
813 2965 939 3044 Syntaxi
959 2969 1045 3028 nimia
1066 2969 1161 3029 multa
1182 2963 1342 3050 πάρεργα
1360 2973 1560 3029 uocauerunt.
1612 2969 1714 3037 Quare
1737 2977 1820 3026 urum
1842 2965 1996 3024 consilium
2016 2965 2118 3042 probo,

86 3053 155 3132 quod
174 3071 276 3114 rursus
297 3063 459 3132 praecepta
480 3053 559 3114 iutra
578 3061 672 3112 metas
696 3053 900 3130 quaestionum
924 3071 1055 3115 revocas.

200 3139 242 3196 Ac
272 3138 458 3197 utilissimum
487 3147 533 3196 est
560 3137 725 3217 pueritiae,
754 3155 899 3199 exercere
926 3158 994 3200 eam
1021 3158 1078 3222 per
1099 3139 1282 3201 Erotemata.
1334 3139 1413 3200 Nam
1438 3137 1495 3198 hoc
1523 3147 1623 3198 mutuo
1646 3138 1793 3218 colloquio
1815 3137 1960 3196 excitatur
1981 3134 2118 3209 attentio,

85 3239 169 3300 eaque
195 3221 325 3281 docendi
353 3226 429 3282 ratio
456 3221 603 3302 quondam
632 3216 812 3303 κατήχησις
832 3225 951 3305 proprie
972 3227 1138 3286 vocabatur.
1190 3226 1311 3284 Consilii
1333 3225 1386 3283 tibi
1406 3226 1475 3284 satia
1497 3242 1562 3283 esse
1583 3223 1660 3299 scio,
1688 3222 1756 3282 ideo
1775 3231 1888 3280 mutum
1910 3219 1987 3280 addo
2009 3231 2117 3279 sotum.

83 3305 169 3366 Deam
195 3317 355 3368 aeternum
381 3307 501 3386 pellem
523 3309 640 3367 Domini
666 3311 759 3367 nostri
786 3305 853 3368 lesa
875 3311 984 3370 Christi
1013 3329 1080 3387 oro,
1108 3321 1141 3370 ut
1170 3311 1268 3370 studia
1288 3309 1421 3370 literaria
1442 3309 1603 3368 iuventutis
1625 3308 1706 3369 iuvet
1728 3317 1759 3367 et
1780 3307 1936 3384 gubernet.
1978 3304 2117 3364 Proiecto

85 3393 118 3452 de
136 3393 272 3454 Ecclesia
291 3393 406 3453 utiliter
427 3403 597 3468 merentur,
627 3394 677 3472 qui
699 3393 918 3454 Grammaticea
942 3407 1025 3466 recte
1046 3407 1077 3456 et
1100 3397 1226 3470 docent,
1256 3405 1288 3453 et
1309 3394 1435 3454 discunt.
1478 3395 1562 3454 Bene
1585 3393 1664 3452 sale.
1707 3388 1827 3451 xxvu.
1850 3392 1971 3471 Aprilis.

200 3479 383 3556 Consilium,
411 3480 491 3557 quod
518 3489 620 3540 auctor
646 3480 678 3536 in
704 3478 760 3538 hoc
789 3480 863 3539 libro
890 3494 1009 3540 secutus
1031 3491 1095 3559 est,
1122 3482 1153 3538 iu
1176 3481 1302 3560 epistola
1323 3479 1502 3540 dedicatoria
1523 3477 1562 3538 ad
1586 3479 1799 3554 hieronymum
1820 3477 1994 3554 Henniugcs
2015 3475 2119 3536 imne-

85 3563 159 3642 burgi
184 3583 211 3627 a.
235 3561 333 3628 leta
363 3565 460 3644 pridie
488 3583 579 3623 nonas
600 3564 725 3643 Augusti
746 3563 813 3624 data
836 3567 991 3644 proponit,
1024 3584 1063 3626 ex
1085 3585 1144 3646 qua
1165 3565 1218 3624 hos
1241 3565 1319 3624 locos
1341 3564 1457 3624 referre
1479 3565 1576 3622 iurat:
1619 3561 1694 3640 „En
1715 3562 1825 3636 habea,
1852 3561 2024 3621 suavissime
2044 3561 2118 3619 Hie-

85 3667 212 3725 ronyme,
241 3650 380 3712 libellum
401 3649 604 3709 Erotematum
617 3649 831 3710 Grammaticea
845 3651 974 3732 Philippi
996 3649 1214 3728 Melanthonis,
1241 3649 1359 3710 facilem
1383 3661 1414 3710 et
1435 3652 1576 3726 brevem,
1599 3649 1716 3728 tuisque
1737 3647 1842 3707 studiis
1863 3658 1894 3707 et
1916 3645 2008 3706 aetati
2029 3644 2118 3706 valde

85 3736 269 3796 commodum.
291 3769 334 3782 -
366 3735 443 3794 Nam
465 3754 531 3794 eum
543 3736 742 3796 Grammatica
755 3735 902 3815 Philippi,
932 3737 986 3795 viri
1008 3736 1217 3815 deReligione
1237 3746 1338 3795 nostra
1359 3732 1577 3805 emerendaet
1598 3735 1701 3792 studiis
1722 3735 1875 3793 literarum
1897 3732 1986 3810 longe
2007 3731 2120 3809 optime

84 3820 186 3899 meriti,
213 3823 259 3881 ita
287 3823 468 3901 locupletata
496 3821 555 3880 sint
581 3839 599 3880 a
628 3820 791 3882 doctissimo
820 3823 882 3881 siro
904 3823 1007 3882 lacobo
1029 3821 1167 3898 hlicyllo,
1197 3833 1230 3882 ut
1252 3821 1405 3880 commode
1425 3830 1487 3879 tota
1508 3821 1610 3900 pueris
1632 3819 1799 3880 rudioribus
1819 3817 1947 3897 proponi
1968 3835 2026 3878 non
2047 3835 2119 3894 pos-

84 3907 150 3982 sint,
176 3908 297 3966 omnino
319 3907 476 3967 videbatur
497 3907 565 3985 tihi,
586 3909 689 3988 tuique
711 3908 868 3984 similibus,
890 3907 1056 3968 huiuamodi
1075 3907 1173 3988 aliqua
1195 3908 1332 3984 Epitome
1356 3917 1388 3967 et
1409 3903 1531 3985 isagoge
1554 3923 1628 3986 opus
1651 3922 1735 3981 esse,
1757 3921 1846 3984 quam
1868 3922 1907 3964 ex
1928 3903 1989 3962 illis
2009 3902 2120 3962 Gram-

83 3993 182 4050 maticis
211 3993 369 4052 disceretis
399 3994 491 4054 initio.
542 3993 625 4052 Idem
652 4013 719 4052 cum
747 3995 855 4053 multos
886 3993 1049 4073 prudentes
1078 3993 1261 4084 atgeruditos
1283 3995 1359 4051 siros
1382 4010 1497 4050 mecum
1519 3993 1632 4050 sentire
1653 3991 1806 4066 riderem,
1835 3989 1918 4048 etin
1940 4002 2039 4048 nostro
2060 3989 2120 4048 iam

36 4099 45 4114 ⁴
82 4075 146 4136 ludo
172 4071 330 4156 literario,'
350 4079 474 4160 aliisque
505 4081 664 4138 vicinarum
694 4080 843 4139 civitatum
864 4077 980 4139 Scholia
1007 4079 1205 4140 eruditissima
1233 4079 1286 4136 illa
1307 4079 1506 4138 Grammatica
1527 4075 1718 4136 traderentur
1739 4075 1902 4153 iuventuti,
1930 4093 1969 4134 ex
1989 4075 2061 4153 ipsis
2082 4091 2120 4133 ea

83 4162 184 4242 selegi,
211 4165 323 4224 autoris
345 4182 489 4224 consensu
513 4176 544 4225 et
565 4164 739 4244 autoritate,
767 4185 843 4246 quae
864 4168 925 4226 siaa
948 4175 1016 4226 sunt
1037 4166 1155 4226 rudibus
1178 4164 1224 4224 rei
1245 4163 1459 4224 Grammaticea
1481 4163 1611 4224 maxime
1632 4162 1800 4223 necessaria
1822 4178 1909 4237 esse,
1934 4170 1968 4218 ut
1996 4159 2119 4238 cognitis

81 4245 155 4306 hisce
182 4251 373 4328 generalibus
400 4250 585 4332 praeceptis,
611 4261 715 4330 postea
741 4251 781 4310 ad
802 4251 991 4312 traditionem
1019 4247 1089 4311 iusti
1111 4251 1176 4310 libri
1198 4259 1300 4310 emant
1322 4249 1413 4329 magis
1436 4248 1546 4309 idonei.
1574 4280 1618 4295 -
1661 4249 1763 4318 Quare
1785 4265 1841 4306 nec
1861 4244 1939 4304 hanc
1958 4243 2118 4322 Epitomen

83 4333 189 4394 erudite
218 4336 342 4414 quidem
370 4347 402 4396 et
423 4338 589 4396 necessario
612 4337 813 4416 locupletatae,
832 4357 851 4396 a
872 4338 992 4414 Micyllo
1012 4337 1230 4398 Grammaticea
1251 4335 1401 4416 Philippi,
1428 4336 1529 4415 pueris
1548 4333 1754 4415 infrugiferam
1775 4333 1842 4392 lore
1862 4331 2020 4390 arbitratus
2042 4349 2119 4393 sum.

82 4415 256 4478 Nominatim
284 4439 356 4482 vero
385 4422 439 4481 tibi
467 4422 572 4481 dedico
604 4434 636 4482 et
665 4424 765 4501 mado,
793 4423 932 4502 quicquid
960 4423 1030 4482 mihi
1058 4425 1129 4483 luris
1156 4433 1188 4482 et
1216 4423 1338 4485 dominii
1364 4422 1395 4478 in
1423 4421 1478 4479 hoc
1500 4421 1603 4480 libello
1626 4419 1769 4480 concedet
1790 4425 1968 4497 praeceptor
1989 4416 2120 4477 omnium

81 4514 205 4564 nestrum
226 4506 394 4588 Philippus.
438 4507 546 4586 Neque
566 4509 647 4567 enim
670 4505 780 4587 aliquid
801 4508 872 4567 mihi
894 4509 940 4567 liic
960 4525 1101 4590 arrogare
1123 4510 1173 4568 sel
1195 4525 1313 4566 sumere
1335 4515 1387 4565 aut
1408 4507 1503 4565 debeo
1525 4515 1577 4564 aut
1598 4507 1675 4564 solo.
1718 4503 1806 4564 lleos
1826 4513 1941 4563 mutum
1962 4503 2118 4578 curandi,

81 4597 109 4646 et
123 4589 197 4650 intra
211 4589 270 4652 hes
285 4591 489 4654 Erotematum
510 4604 605 4654 metas
626 4593 784 4654 reuocandi
804 4594 897 4654 fusim
918 4592 1042 4672 tradita,
1064 4595 1146 4654 labor
1166 4593 1234 4654 fuit.
1279 4591 1432 4670 Nusquam
1453 4609 1471 4650 a
1489 4591 1587 4650 serbis
1607 4591 1719 4650 actoris
1740 4589 1879 4664 discessi,
1898 4587 1973 4648 nihil
1996 4607 2118 4667 usquam

81 4687 303 4757 commutatum,
330 4678 369 4738 de
397 4697 464 4738 meo
487 4679 582 4740 adieci
600 4678 667 4740 lere
689 4681 784 4756 nihil,
812 4681 869 4740 nisi
889 4675 1096 4759 Paradigmats
1115 4698 1170 4740 scu
1192 4677 1364 4740 declinandi
1383 4676 1526 4738 formulas
1547 4694 1588 4736 ex
1608 4677 1725 4736 Donato
1747 4676 1928 4755 desumptas.
1977 4667 2118 4752 Philippo

80 4757 161 4834 igitur
181 4773 284 4824 nostro
305 4763 410 4824 seretis
430 4776 603 4846 acceptum,
624 4784 684 4826 non
705 4767 793 4846 mihi,
815 4767 953 4847 quioquid
974 4766 1147 4827 eruditionis
1165 4765 1206 4826 ad
1228 4775 1259 4826 tc
1280 4765 1332 4824 sel
1350 4763 1390 4824 sd
1411 4763 1484 4824 alios
1506 4779 1614 4842 pueros
1637 4763 1746 4824 redibit
1766 4779 1806 4822 es
1826 4761 1882 4820 hoc
1899 4757 2020 4834 libella,
2040 4757 2120 4837 quod

80 4853 156 4905 certe
176 4849 337 4927 plurimam
360 4847 449 4910 erit.”
477 4861 536 4914 etc.
595 4923 600 4932 .

417 4967 483 5026 Alia
503 4965 590 5026 huius
609 4967 676 5028 libri
696 4965 753 5028 Ed.
774 4969 817 5029 sic
838 4981 883 5030 est
904 4971 1059 5049 inscriptas

202 5079 436 5149 &amasco
458 5083 621 5166 Philippi
639 5083 888 5170 Maloarboas's,
918 5087 966 5152 od
993 5105 1089 5152 sassa
1115 5101 1299 5171 pascente
1326 5087 1363 5148 s'st
1383 5079 1499 5148 hasce
1521 5087 1809 5166 interrogationes
1832 5091 2027 5159 casinen,
2051 5101 2118 5168 pet·

248 5167 381 5232 haas
402 5169 560 5234 Loesiuss
581 5167 889 5253 Laasdsrgesssess.
940 5171 987 5238 Bt
1015 5178 1084 5237 s'rsss
1112 5173 1222 5238 &aas
1251 5169 1436 5250 diligentes·
1466 5167 1512 5233 ab
1538 5170 1651 5248 codcss
1672 5171 1864 5250 reconna.
1908 5165 1989 5232 cs·
2011 5163 2119 5234 lhos.

241 5255 386 5337 faram
405 5255 538 5340 Ptiltps
559 5253 693 5322 Melas.-
715 5259 913 5324 amomis
927 5257 1184 5328 erasnm.
1207 5291 1249 5308 ·-
1278 5258 1329 5342 (ln
1347 5255 1440 5339 unos)
1467 5252 1693 5340 vestm
1738 5255 1802 5350 Es·
1823 5245 1976 5340 affictas
1996 5255 2116 5319 usus·

111 5535 140 5600 ⁸)
159 5543 177 5593 l.
198 5543 311 5600 a.ls1lo
330 5547 460 5600 casani.

1591 5610 1673 5689 16*
