4864 5966
106 251 173 328 aas
749 197 872 328 'xctx
923 253 1192 342 assumus
1224 255 1463 330 rosarias
2049 258 2128 333 sos
2253 337 2255 345 s

102 426 199 508 tales,
238 419 394 494 honores
417 437 536 494 autem
559 425 793 497 immortales.
855 423 992 497 Amicis
1017 429 1077 494 ad·
1129 426 1298 496 lescentia
1321 429 1468 521 quidem
1491 431 1728 514 modestiam,
1766 431 1807 500 iu
1829 443 2011 502 senectute
2035 455 2123 500 vero

99 551 192 596 versa
204 526 346 596 fortuna
362 527 543 596 utentibus
556 527 651 596 idem
668 539 756 597 esto.
788 525 944 597 Lucrum
961 540 1078 619 turpe,
1129 529 1357 619 sapientiam.

98 654 149 700 res
171 624 335 719 pessiina.
396 629 577 722 Quicquid
602 629 812 719 promiseris
832 629 953 700 facito.
1020 627 1078 699 ln·
1171 699 1204 717 „
1637 703 1646 718 ‚

97 731 290 802 fortunium
322 745 423 807 tuum
458 731 591 818 celato,
642 755 688 800 ne
722 732 906 823 voluptate
946 733 1086 804 afficias·
1155 699 1365 772 h¹¹¹⁸d⁸¹¹¹
1395 727 1446 771 ⁰¹
1472 703 1680 820 A¹¹⁵,⁰¹¹¹⁰
1707 697 1764 800 [p.
1783 701 1867 798 ¹1⁸·
1888 697 2097 802 Ed·S⁰²¹¹·]²

96 833 264 906 inimicos.
329 833 485 906 Veritati
506 830 712 904 adhaereto.
774 837 849 925 Age
872 858 964 929 quae
985 835 1076 906 iusta
1457 828 1615 874 ‘mmm‘
1640 801 1799 874 herm·

95 949 179 1005 sunt.
257 935 475 1005 violentiam
501 938 643 1034 oderis.
716 935 944 1028 Principibus
980 941 1076 1007 cede.
1128 940 1318 1033 Quaenam
1342 961 1482 1009 summa
1502 939 1616 1010 boni?
1649 965 1753 1010 mens
1773 965 1865 1035 quae
1887 940 1956 1012 sibi
1978 943 2121 1014 conseia

94 1036 272 1128 Voluptati
289 1039 439 1130 impera.
480 1037 523 1105 <A
537 1038 771 1109 iureiurando
794 1040 943 1110 abstine.
995 1039 1077 1109 Pie·
1636 1069 1640 1076 ·
1750 1043 1850 1114 rec'ti.

94 1153 192 1211 tatem
217 1153 369 1222 sectare.
419 1140 585 1213 Laudato
608 1137 771 1213 honesta.
822 1143 857 1214 Α
879 1141 976 1212 vitiis
998 1145 1076 1212 abs-
1128 1142 1309 1212 Pernicies
1324 1137 1464 1211 homini
1482 1167 1574 1236 qnae
1589 1141 2121 1220 maximalsolushomoalten.

92 1243 167 1312 tine.
219 1243 441 1328 Benefiuum
466 1245 635 1336 repende.
685 1242 913 1334 Supplicibus
938 1244 1075 1320 truseri-
1129 1244 1220 1337 Quis
1236 1243 1359 1316 dives?
1376 1247 1438 1338 qui
1454 1246 1507 1314 nil
1522 1246 1654 1337 cupiat.
1687 1246 1778 1338 Quis
1795 1247 1957 1339 pauper?
1980 1273 2121 1329 avarus.

93 1368 163 1436 cors
185 1357 300 1426 esto.
342 1345 494 1418 Liberos
516 1345 674 1430 institue.
740 1345 951 1437 Sapientum
975 1359 1076 1418 utere
1129 1345 1231 1438 Quae
1250 1349 1316 1417 dos
1333 1349 1511 1418 metronis
1528 1343 1798 1440 pulcherrima?
1824 1352 1896 1420 vita
1915 1357 2057 1444 pudica.

92 1450 356 1521 consuetudine.
413 1447 534 1538 Litern
559 1447 689 1518 oderis.
737 1447 872 1535 ‚Bonos
897 1449 935 1516 in
957 1447 1075 1538 pretio
1128 1449 1231 1541 Quae
1248 1463 1342 1520 casta
1361 1449 1439 1520 est‘?
1466 1453 1510 1520 de
1529 1476 1599 1544 (sua
1618 1454 1712 1521 fama
1735 1453 1881 1520 mentiri
1899 1469 2055 1528 veretur.

90 1544 226 1623 habeto.
269 1551 375 1634 nudi
399 1575 493 1644 quae
514 1555 559 1620 ad
586 1563 620 1622 te
642 1551 835 1642 pertinent.
893 1551 1074 1623 Probrum
1128 1551 1235 1643 Quod
1253 1552 1442 1643 prudentis
1460 1552 1574 1643 opus?
1609 1575 1688 1623 cum
1707 1555 1839 1644 pessit,
1864 1557 1961 1627 nolle
1978 1581 2119 1634 nocere.

88 1651 204 1741 fugito.
245 1653 452 1742 ,Responde
475 1654 513 1719 in
536 1667 710 1744 tempore.
763 1653 814 1722 Ea
831 1652 958 1734 lacito,
985 1677 1075 1747 quo·
1127 1653 1225 1745 Quid
1242 1655 1341 1724 stulti
1356 1653 1572 1746 proprium?
1596 1678 1670 1724 non
1688 1678 1791 1747 posse
1810 1669 1845 1725 et
1860 1659 1949 1728 velle
1964 1683 2107 1737 nocere.

88 1777 160 1821 rum
176 1758 383 1846 nonpossit
398 1753 596 1846 poenitere.
628 1754 681 1826 Nl!
699 1754 756 1822 cui
772 1755 945 1825 invideas.
980 1753 1075 1823 Ocu-

87 1855 126 1924 lis
141 1858 345 1926 moderare.
397 1859 506 1950 Qitod
523 1859 656 1928 iustum
673 1870 744 1939 cst,
763 1857 922 1927 imitare.
975 1855 1074 1926 Bene

87 1959 229 2029 meritos
244 1947 399 2030 honora.
451 1959 540 2050 Spes
554 1961 649 2030 iove.
701 1957 927 2030 Calumniam
943 1959 1072 2030 oderis.
1226 1959 1504 2051 Quaeiacturus
1520 1981 1573 2042 es,
1603 1980 1649 2028 ne
1665 1963 1902 2052 praedixeris,
1928 1967 2121 2043 frustratus

1379 1800 1556 1894 nisiaea
1582 1823 1865 1918 Mitylenaei.

86 2060 244 2131 Affabilis
277 2076 364 2134 esto.
431 2061 522 2135 Cum
551 2063 701 2144 erraris,
744 2075 841 2134 muta
871 2062 1072 2133 consilium.
1125 2061 1221 2128 enim
1238 2061 1426 2132 videberis.
1480 2060 1693 2154 Depositum
1711 2067 1833 2137 redde.
1885 2071 1917 2136 Α
1933 2070 2120 2142 familiari-

85 2160 267 2233 Diutinarn
286 2163 482 2234 amicitiam
500 2165 649 2238 custodi.
702 2162 881 2236 Omnibus
902 2165 1071 2256 teipsum
1102 2163 1190 2232 ¹bus
1223 2163 1261 2229 in
1292 2161 1440 2234 minutis
1470 2166 1576 2234 rebus
1608 2167 1724 2236 laesus
1751 2169 1855 2240 feras.
1919 2173 2047 2243 Amico
2073 2196 2119 2246 ne

84 2268 226 2354 praebe.
275 2266 518 2340 Concordiam
537 2279 684 2338 sectare.
743 2267 977 2358 Magistratus
1000 2290 1074 2335 me·
1125 2263 1363 2336 maledixeris.
1408 2262 1597 2336 Inimicum
1615 2291 1660 2334 ne
1677 2281 1779 2358 putes
1794 2270 1961 2362 amicum.
2003 2276 2118 2347 Uxori

84 2380 154 2437 tue.
204 2369 259 2439 Ne
278 2370 439 2463 loquaris
454 2373 500 2440 ad
519 2370 686 2460 gratiam.
739 2369 792 2442 Ne
819 2369 973 2458 tempori
998 2390 1074 2436 cre·
1124 2367 1325 2436 dominare.
1394 2365 1497 2458 Quae
1527 2367 1651 2438 leceris
1679 2371 1907 2459 parentibus,
1947 2379 2117 2450 eodema

84 2469 227 2542 dideris.
279 2471 332 2543 'le
349 2471 467 2562 ipsum
483 2496 529 2542 ne
544 2471 714 2562 negligas.
767 2470 953 2542 Seniorem
973 2493 1072 2540 reve·
1123 2467 1245 2539 liberis
1260 2481 1418 2559 expecta.
1456 2467 1666 2540 Desidiosus
1681 2491 1726 2540 ne
1743 2486 1829 2544 esto.
1869 2467 1968 2546 luter
1985 2481 2120 2557 amicos

84 2595 171 2641 rere.
224 2573 380 2644 Mortem
400 2587 528 2665 oppete
543 2597 611 2664 pro
633 2575 763 2664 patria.
815 2572 869 2644 Ne
885 2573 1012 2667 quavis
1027 2574 1072 2641 de
1124 2595 1169 2672 qe
1193 2571 1303 2641 literis
1325 2571 1444 2641 iudex.
1504 2571 1558 2642 Ne
1587 2577 1764 2644 contende
1789 2600 1868 2645 cum
1897 2584 2119 2672 parentibus,

84 2676 277 2746 redoleas.
329 2674 382 2745 Ex
412 2676 575 2768 ingenuis
603 2675 735 2745 liberos
766 2698 860 2745 crea.
920 2674 1071 2765 Sperato
1124 2675 1231 2741 etiarn
1251 2673 1386 2743 si'insta
1405 2673 1546 2744 dixeris.
1584 2673 1639 2745 Ne
1654 2699 1755 2766 geras
1771 2677 1974 2769 imperium,
2001 2687 2117 2776 prius-

82 2790 251 2872 tanquam
268 2779 442 2852 mortalis.
493 2778 828 2871 Parcilotanquam
845 2777 1072 2848 immortalis.
1125 2799 1233 2868 quam
1247 2801 1374 2867 parere
1390 2775 1568 2847 didiceris.
1609 2773 1874 2871 lniortuuatum
1892 2780 2124 2862 rieirriseris.¹

82 2879 311 2952 Neeilerarls
337 2880 463 2971 gloria.
523 2881 704 2952 Arcanum
729 2879 829 2950 cela..
864 2878 971 2950 ¹Cede
995 2901 1073 2950 ma·
1123 2877 1177 2949 Ne
1200 2878 1322 2968 lingua
1349 2893 1563 2970 praecurrat
1586 2894 1756 2953 mentem.
1809 2881 1911 2976 Quae
1940 2887 2016 2958 lieri
2042 2894 2117 2962 non

82 2983 166 3072 gnis.
219 2981 542 3074 opportunitatem
565 2993 764 3074 expectato.
817 2981 987 3052 Mortalia
1014 3006 1072 3052 co·
1124 2994 1294 3071 possunt,
1315 3005 1407 3050 cave
1424 2981 1667 3072 concupiscas.
1719 2982 1774 3055 Ne
1799 2987 1978 3061 festinaris
2005 2994 2117 3088 loqui.

82 3083 158 3173 gite.
209 3084 460 3177 Largirecum
481 3083 647 3156 utilitate.
697 3083 751 3156 Ne
776 3085 877 3176 prior
900 3083 1073 3156 iniuriam
1122 3081 1278 3176 Legibus
1295 3105 1395 3174 pare.
1447 3083 1564 3156 Nosce
1582 3097 1618 3154 te
1634 3084 1765 3176 ipsum.
1816 3087 1871 3160 Ne
1890 3092 1978 3185 quid
1997 3097 2118 3171 nimis.

80 3187 197 3258 iacias.
230 3186 404 3261 Dolorem
421 3189 515 3280 luge.
548 3186 735 3258 Mortuum
751 3211 798 3256 ne
816 3187 945 3258 rideto.
971 3187 1072 3256 Ami·
1123 3185 1216 3256 Ante
1233 3185 1356 3255 omnia
1375 3209 1548 3256 venerare
1565 3209 1712 3257 numen.
1754 3189 1925 3264 Parentes
1940 3219 2117 3274 reverere.

83 3289 125 3358 cis
139 3303 254 3362 utere.
307 3289 464 3364 Consule
479 3290 674 3382 inculpate.
723 3289 871 3360 Delecta
885 3289 1031 3362 amicos.
1122 3287 1257 3358 Audito
1283 3287 1447 3358 libenter.
1505 3285 1736 3382 Voluptatem
1764 3309 1899 3377 coerce.
1960 3293 2117 3375 inimici.

1123 3389 1210 3462 tiam
1235 3391 1347 3461 solve.
1399 3389 1558 3460 Uxorem
1586 3390 1706 3462 ducito
1733 3418 1776 3465 er
1797 3395 2023 3488 aequalibus,
2056 3427 2125 3489 nep

157 3459 377 3551 El¹¹⁸d0m
406 3459 658 3580 Ῑῇξΐῑῇῃᾶῖἱ
684 3455 736 3529 ‘l
761 3459 987 3544 A¹¹⁸⁰¹¹i⁰²
1123 3492 1152 3564 si
1170 3516 1212 3565 er
1228 3491 1418 3564 ditioribus
1438 3492 1601 3576 duxeris,
1627 3495 1796 3582 dominos
1812 3496 1876 3568 tibi
1892 3521 2016 3590 pares,
2041 3529 2117 3580 nan

129 3559 230 3662 [pag.
249 3563 337 3637 119.
359 3563 539 3634 Editronrs
552 3561 721 3652 Scaliger.
743 3584 777 3632 a.
796 3560 908 3636 1608.
939 3558 1019 3661 1Ε.]
1124 3595 1259 3666 affine„

382 3665 541 3735 carmine
562 3659 769 3736 Phalaecio.

1149 3717 1358 3836 Eiusdem
1386 3788 1437 3834 ex
1462 3766 1667 3835 Ausonio
1695 3763 1752 3866 [p.
1770 3767 1860 3840 118.
1882 3767 1949 3842 Ed.
1965 3773 2090 3878 sest],

1349 3867 1510 3962 carmine
1536 3864 1693 3938 lambino
1717 3869 1892 3944 trimetro.
2025 3885 2033 3898 ⁰

78 3798 275 3898 Nunquam
288 3801 469 3892 discrepat
482 3801 569 3875 utile
588 3825 609 3870 a
623 3802 768 3873 decoro.

78 3902 159 3977 Plus
172 3919 232 3978 ost
244 3905 420 3976 sollicitus
438 3903 551 3996 magis
567 3904 704 3974 beatus.

79 4005 238 4078 Mortem
253 4019 380 4099 optare
393 4008 549 4089 malum,
575 4006 701 4076 timere
718 4006 831 4097 pcim.
1123 4003 1242 4100 Loqui
1261 4003 1462 4096 ignorabit,
1490 4005 1553 4098 qui
1570 4016 1687 4076 tacere
1700 4007 1844 4078 nesciet.

75 4107 201 4197 Faris,
239 4123 283 4182 ut
293 4110 421 4194 libeat,
449 4111 547 4202 quod
562 4119 615 4179 est
629 4131 780 4182 necesse.
1124 4105 1230 4178 Bono
1246 4105 1394 4197 probari
1411 4107 1529 4190 naulo,
1556 4132 1663 4200 quam
1682 4109 1805 4180 multis
1822 4111 1936 4198 malis.

75 4211 200 4286 Multis
219 4213 413 4295 terribilis,
440 4223 563 4280 caveto
580 4211 724 4282 multos.
928 4271 939 4280 .
1125 4209 1284 4280 Demens
1299 4209 1463 4301 superbis
1477 4209 1614 4278 invidet
1630 4209 1825 4282 ioelicibus.

75 4313 114 4384 si
129 4317 283 4388 iounna
297 4317 419 4398 iuvat,
446 4325 570 4384 caveto
590 4313 680 4385 tolli.
1124 4311 1285 4384 Demens
1299 4312 1462 4382 dolorem
1480 4310 1574 4382 ridet
1591 4311 1823 4384 infoelicium.

75 4415 112 4486 Si
128 4420 283 4492 fortuna
296 4431 421 4512 tonat,
443 4428 573 4488 caveto
587 4415 713 4508 mergi.
1126 4415 1258 4486 Pareto
1273 4413 1363 4506 legi,
1386 4413 1548 4508 quisquis
1561 4413 1674 4504 legem
1691 4413 1861 4486 sanxeris.

506 4585 517 4602 ‚
561 4592 565 4598 ,
639 4585 647 4604 ,
1126 4515 1266 4588 Plureis
1283 4515 1417 4586 amicos
1433 4539 1473 4584 re
1488 4518 1640 4587 secunda
1661 4539 1861 4608 compares,

459 4583 518 4656 3¹
533 4609 553 4656 ὃ
567 4610 592 4657 ¹¹
608 4598 623 4656 ²
636 4611 649 4654 ¹
662 4610 691 4657 ³·
1126 4619 1266 4690 Paucos
1283 4617 1417 4690 amicos
1432 4619 1539 4690 rebus
1555 4619 1711 4689 adversis
1728 4622 1870 4711 probes.

179 4720 227 4794 ln
242 4722 388 4816 speculo
402 4735 437 4794 te
460 4724 577 4814 ipsum
605 4721 868 4813 contemplare,
895 4735 930 4792 et
951 4722 981 4794 si
1002 4725 1077 4794 for·
1613 4785 1623 4803 ,
1697 4788 1705 4804 ,
1784 4788 1815 4806 ,,

73 4848 202 4898 morus
219 4824 424 4918 apparebis,
450 4849 515 4918 age
531 4847 624 4920 quae
641 4826 791 4894 deceant
805 4825 976 4897 formam.
1011 4825 1075 4898 Sin
1412 4785 1625 4858 C¹‘⁰b¹¹¹¹
1655 4786 1827 4862 [ΗΜ

72 4928 278 5012 delormis,
317 4931 413 5022 quod
437 4929 475 4997 io
499 4927 589 4998 facie
611 4927 730 4996 minus
752 4938 824 5009 est,
864 4927 902 4996 id
930 4952 1073 4998 morum
1229 4923 1285 4996 Ne
1303 4921 1526 5018 sisunquam
1550 4925 1674 4998 elatus.
1725 4915 1865 4996 Domus
1890 4939 2013 4996 eurum
2039 4951 2118 5020 age.

72 5045 234 5124 pensato
252 5025 531 5122 pulchritudine.
583 5027 638 5100 De
660 5029 810 5099 nurnine
833 5051 879 5098 ne
904 5030 996 5100 male
1021 5031 1074 5100 lo·
1126 5025 1260 5100 Libros
1280 5027 1416 5096 evol-ve.
1475 5025 1627 5098 Liberos
1655 5025 1729 5108 riht,
1746 5023 1973 5112 charissimos
2002 5031 2118 5104 erudi.

74 5158 220 5228 qum,
252 5133 344 5227 quid
362 5133 409 5202 rit
429 5147 551 5204 autern
570 5133 745 5204 assertis.
793 5129 1077 5218 diffitumults,
1126 5129 1222 5232 luste
1236 5128 1407 5202 iudicato.
1456 5129 1571 5201 Bonis
1591 5129 1803 5202 benelacito.
1853 5131 1889 5201 A
1902 5133 2118 5206 maledicen-

71 5237 235 5331 loquere
249 5235 377 5328 pauca.
408 5235 517 5306 Prius
528 5224 704 5325 intellige,
728 5246 763 5304 st
778 5235 908 5307 deinde
924 5237 969 5306 ad
986 5259 1077 5328 opus
1128 5233 1178 5304 ris
1201 5244 1415 5326 temperato.
1465 5231 1712 5324 Suspicionem
1735 5231 1893 5305 abiicito.
1945 5235 2121 5310 Parentes

71 5341 226 5408 accede.
275 5337 332 5410 Ne
348 5339 395 5407 ob
409 5339 552 5410 divitias
568 5338 725 5410 laudaris
739 5337 857 5408 virum
875 5340 1076 5431 indignum.
1127 5335 1300 5429 patientia
1318 5336 1431 5407 vince.
1482 5332 1654 5406 Benelieii
1668 5335 1805 5431 accepti
1818 5350 2013 5411 memento.
2059 5335 2119 5408 ln-

70 5440 339 5513 Persuesisne·
355 5465 462 5535 cape,
501 5465 575 5512 ron
605 5441 654 5511 ri.
719 5439 900 5534 Gompars
928 5442 967 5512 in
991 5443 1077 5513 ado·
1127 5439 1297 5511 seriorem
1315 5465 1361 5510 ne
1377 5439 1530 5510 reiicias.
1570 5437 1697 5618 Αὲῑδειέα
1711 5463 1756 5510 ne
1774 5440 2016 5533 concupiscas.
2060 5439 2117 5516 Ne
