4920 5956
107 199 183 270 idi

106 367 192 438 volo
223 363 447 440 dialecticam
475 383 682 466 certamque
719 369 996 462 argumentandi
1027 371 1101 440 ior·

105 494 213 545 mam.
239 483 358 543 exacte
381 473 567 564 cognosci,
605 473 655 542 ita
680 467 910 544 vehementer
934 473 1103 564 optarim,

106 572 270 647 oratorio
285 574 383 647 cultu
403 576 613 658 tenuitatem
635 575 856 646 dialecticam
878 575 1103 670 locupletari,

105 699 151 746 ne
168 673 291 768 ieiuno
309 677 451 768 dicendi
463 701 598 768 genere
614 679 837 750 sterilescunt
849 675 1005 784 ipgeuia.

270 826 330 895 De
357 827 527 918 liguris
553 827 943 921 syllogismorum.

211 943 303 1015 'l're's
317 945 448 1036 figuras
469 945 758 1040 syllogismorum
779 943 994 1016 aristotelici
1017 967 1102 1035 pro·

106 1049 265 1131 didere,
281 1045 383 1117 'ditas
413 1047 659 1140 priores'volo
683 1047 851 1118 studiosis
874 1071 981 1141 quam
1006 1070 1102 1114 com-

106 1149 397 1220 mendatissimas
431 1174 516 1222 esse.
592 1149 754 1220 Tertiam
790 1171 906 1244 neque
941 1149 1101 1230 reiicere,

106 1277 226 1348 neque
248 1253 402 1344 probare
424 1251 566 1322 animus
588 1265 651 1323 est.
708 1251 802 1323 Nam
830 1277 908 1320 cnm
932 1249 1102 1342 insyllo-

107 1354 231 1448 gismis
255 1349 332 1446 ips'a
357 1367 487 1424 natura
511 1366 636 1446 poscat
657 1377 816 1425 caussam
840 1377 904 1425 seu
931 1353 1102 1436 medinm,

106 1459 145 1526 in
164 1481 237 1552 quo
253 1457 307 1527 vis
324 1469 375 1527 est
397 1457 619 1548 argumenti,
653 1457 696 1526 de
721 1457 879 1526 subiecto
904 1453 1102 1525 conclusio*

105 1561 164 1630 nis
179 1583 244 1651 per
261 1559 535 1629 affirmationem
553 1571 615 1628 ant
637 1559 863 1652 negationem
888 1557 1101 1649 praedicari.

105 1659 148 1731 ln
173 1661 278 1730 tertia
301 1665 414 1752 figura
436 1659 894 1733 subiectumconclusionis
917 1663 962 1728 de
980 1659 1101 1728 me'dio

106 1762 357 1856 praedicatur,
391 1765 518 1834 ordine
543 1778 694 1834 naturae
716 1784 886 1854 perverso
900 1761 961 1858 ⁴²)
1018 1761 1100 1856 Quo

105 1869 166 1950 sn,
192 1879 234 1936 ut
248 1867 342 1935 ratio
361 1866 635 1958 argumentandi
654 1865 749 1936 iuxta
771 1867 913 1934 tertiam
936 1865 1101 1954 liguram,

108 1993 190 2040 cum
216 1967 262 2037 sit
285 1971 455 2052 obscura,
491 1995 510 2038 a
535 1969 720 2038 communi
741 1979 926 2037 oratorum
949 1989 1017 2036 usu
1040 1967 1101 2035 ab·

106 2067 269 2143 horreat.
321 2067 478 2140 Ethanid
499 2070 602 2153 scio,
621 2093 667 2138 art
690 2093 851 2165 unquam
872 2051 1017 2160 legerim
1044 2093 1101 2136 ar·

107 2184 319 2266 gumentum
336 2186 459 2265 aptum
483 2173 611 2242 tertiae
634 2175 779 2264 figurae.
831 2171 906 2240 lam
935 2183 970 2240 et
992 2171 1101 2264 syllo-

106 2275 213 2368 gismi
233 2287 359 2344 natura
381 2275 554 2344 maiorem
571 2275 832 2357 universalem,
857 2273 998 2344 sirecte
1016 2297 1100 2341 con-

104 2379 311 2470 templeris,
337 2377 471 2469 poscit,
499 2379 596 2474 quod
613 2378 863 2447 satis·constat
881 2400 957 2445 uon
980 2375 1100 2445 obscr-

106 2481 187 2548 'uari
223 2481 390 2550 omnibus
420 2480 548 2550 tertiae
581 2482 716 2572 figurae
751 2478 879 2550 modis.
949 2475 1100 2561 Rursus,

106 2606 219 2676 quom
255 2581 459 2653 dialecticus
493 2581 690 2674 praecipiat
719 2581 867 2664 alicubi,
915 2601 991 2650 uon
1024 2592 1099 2649 tam

105 2687 207 2779 quod
227 2685 306 2754 lieri
328 2685 438 2767 solet,
474 2707 582 2779 quam
607 2687 703 2779 quod
728 2696 866 2776 potest,
898 2684 1014 2753 visum
1036 2693 1100 2766 est,

106 2800 143 2855 et
158 2783 254 2855 banc
270 2789 555 2882 qualemcunque
572 2787 845 2878 argumentandi
869 2785 1044 2868 formam,
1078 2805 1098 2852 a

104 2889 288 2959 veteribus
315 2891 506 2972 traditam,
548 2891 802 2981 praescribere.
868 2887 942 2959 Nec
971 2889 1100 2958 desunt

105 3001 319 3082 argumenta
352 2991 549 3087 syllogismi
585 3003 753 3061 naturam
784 2990 995 3075 excutienti,
1036 3013 1099 3058 cur

104 3093 352 3187 syllogismum
385 3091 642 3186 expositorium
677 3119 783 3188 quem
809 3104 958 3176 vocant,
993 3092 1098 3161 omit-

103 3209 194 3266 tam.
247 3197 372 3291 Neque
388 3197 482 3267 cnim
500 3197 645 3268 evidens
659 3197 826 3289 probatib
843 3208 896 3265 est
916 3192 1005 3265 haec
1029 3194 1099 3288 syl·

103 3297 250 3390 logismi
272 3299 409 3392 forma,
437 3308 506 3394 qaia
534 3301 584 3370 sic
603 3299 884 3380 ratiocinamur,
911 3296 1099 3390 probaturi

104 3401 277 3492 pietatem
294 3424 369 3473 esse
392 3401 586 3474 iustitiam:
624 3401 702 3471 lloc
726 3415 779 3472 est
802 3402 936 3494 pietas,
971 3408 1007 3469 et
1029 3396 1098 3470 hoc

106 3516 159 3572 est
175 3501 333 3588 iustitia,
362 3505 582 3596 ergopietas
598 3517 649 3574 est
666 3504 814 3577 iustitia.
864 3501 1025 3586 Deinde,
1058 3514 1099 3573 ut

106 3605 258 3674 omnino
290 3607 335 3675 ad
367 3607 626 3699 expositionem
661 3605 883 3698 argumenti,
924 3607 1022 3700 quod
1046 3607 1097 3674 'ad

105 3708 293 3778 materiem
314 3711 487 3800 pertinet,
521 3710 656 3804 aliquid
677 3713 874 3792 conducat,
908 3722 1002 3778 certe
1022 3709 1098 3777 for·

54 3847 55 3850 ¹
104 3833 187 3880 mac
204 3825 499 3904 argumentorum
517 3826 552 3882 et
568 3813 864 3909 consequentiae,
888 3815 933 3882 de
952 3837 1022 3908 qua
1039 3806 1098 3881 bic

104 3913 180 3982 sola
197 3912 335 4002 agitur,
361 3911 452 3984 nihil
469 3915 617 3986 confert.
659 3913 731 3986 lam
750 3929 785 3987 et
797 3914 1023 4016 syllogismus
1039 3938 1098 3984 er·

104 4015 302 4108 positorins
330 4017 450 4108 potius
480 4031 533 4088 est
555 4017 776 4109 singularum
806 4018 1096 4137 propositionum
1149 4058 1162 4127 i
1253 4059 1388 4135 civim
1404 4051 1689 4156 legibusmuniri
1705 4072 1821 4142 debet·

104 4117 316 4209 explicatio,
358 4143 466 4214 qnam
491 4119 602 4193 totius
623 4121 839 4215 syllogismi,
879 4145 952 4216 qno
985 4143 1098 4212 magn

103 4221 240 4302 miror,
276 4221 364 4314 quid
386 4222 423 4290 in
446 4237 602 4293 mentem
619 4226 756 4293 venerit
771 4217 921 4306 scholis,
947 4247 1010 4294 cur
1028 4225 1098 4318 syl-

104 4322 278 4413 logismos
296 4323 422 4393 tertiae
438 4325 572 4416 figurae
589 4323 659 4396 hoc
675 4328 784 4395 modo
803 4328 1012 4419 probarent.

495 4461 707 4556 Regulae.

206 4572 249 4648 In
265 4580 479 4672 syllogismis
494 4607 634 4656 necesse
649 4596 701 4654 est
716 4607 826 4654 uuam
842 4581 1001 4678 aliquam
1017 4582 1096 4652 uni·

104 4680 278 4750 versalem
295 4705 389 4767 esse,
416 4686 702 4780 praestiteritque
724 4685 897 4756 maiorem
916 4683 1098 4756 universa·

102 4783 177 4850 lem
192 4807 286 4867 esse,
310 4785 342 4854 si
356 4799 522 4860 naturam
538 4789 735 4884 syllogismi
750 4801 845 4858 recte
859 4787 1096 4879 introspicias.

104 4883 153 4953 Et
175 4885 318 4954 tertiam
337 4889 486 4982 liguram
506 4893 624 4962 rninus
642 4893 778 4985 probo,
804 4893 902 4986 qnod
922 4891 1095 4960 maiorem

104 4987 266 5057 admittit
282 4991 533 5081 particularem
544 4994 602 5082 ⁴⁰).
652 4994 833 5080 Proinde,
859 4995 979 5088 inepte
999 4993 1096 5063 colli-

141 5191 189 5244 net
210 5193 311 5244 annot
330 5201 436 5254 ιιι-μ
459 5190 553 5244 't'ecttc
570 5193 660 5257 figure
678 5194 812 5249 rettottor.

139 5273 430 5340 antunnacum:
462 5279 491 5328 tn
515 5279 588 5330 cmm
612 5279 780 5344 syttogtsno
804 5293 920 5332 necesso
944 5283 989 5331 cst
1006 5283 1096 5332 meto·

176 5357 234 5394 ren
253 5357 317 5394 scre
334 5347 531 5401 ntccmtcn.
567 5349 635 5399 Nan
654 5349 839 5415 ryttogtrnrc
856 5357 902 5400 ert
914 5354 1094 5414 agumento-

176 5414 215 5467 ttc
232 5415 267 5480 eb
286 5413 491 5471 noscerentur·
508 5417 546 5470 sc
561 5418 724 5482 munterte.

102 5497 286 5564 uremur.
308 5498 414 5562 orsu
459 5500 633 5564 v01..xx.

615 195 691 271 vn
750 199 1117 292 connumerata
1140 201 1453 299 numeneus
1478 204 1641 298 mato.

1998 287 2000 294 ,
2069 129 2146 300 ai

1155 399 1216 468 gas
1240 391 1275 443 et
1298 377 1525 448 inefficaciter
1547 403 1589 452 ex
1611 381 1696 449 solis
1718 377 2014 470 particularibus,
2057 377 2144 466 item

1154 478 1309 570 ineptius
1338 505 1379 550 ex
1401 479 1486 552 solis
1509 481 1695 572 negativis.
1759 479 1832 550 lain
1869 481 1906 552 in
1937 480 2144 572 syllogismo

1154 581 1183 652 si
1200 605 1269 673 qua
1286 583 1404 668 ,fuerit
1425 584 1650 675 particularis
1673 596 1735 655 aut
1755 582 1941 676 negativa,
1974 595 2146 675 sequetur

1154 683 1353 774 complexio
1387 709 1449 758 scu
1485 687 1664 760 conclusio
1699 687 1946 776 particularis,
1989 697 2065 770 aut,
2084 709 2146 770 ne*

1153 785 1283 876 gativa.
1783 781 1787 791 ’
2088 775 2092 788 ’

1326 958 1331 972 ”
1435 951 1496 1023 De
1524 955 1669 1048 prima
1698 955 1897 1059 iigttra.'

1253 1091 1377 1160 Prima
1409 1093 1522 1184 figura
1546 1093 1835 1186 syllogismorum
1866 1107 1901 1164 et
1929 1094 2142 1167 creberrime

1152 1205 1367 1284 usurpatur,
1395 1205 1431 1262 et
1447 1208 1596 1264 naturae
1612 1197 1777 1285 proxima
1796 1192 1866 1282 esl,
1901 1209 1939 1284 gt
1953 1197 2068 1280 forrata
2086 1221 2143 1264 ra-

1153 1294 1349 1388 tiocinandi
1382 1297 1486 1386 longe
1517 1297 1857 1394 evidentissimam).
1922 1299 2144 1392 Estaotem,

1153 1396 1277 1490 inqua
1295 1399 1450 1468 medium
1470 1400 1542 1468 sive
1561 1426 1684 1508 cacusq
1711 1391 1970 1504 conclusionis,
2003 1405 2042 1476 in
2066 1429 2143 1473 ina-1

1153 1494 1222 1566 iuri
1245 1499 1394 1571 subiecti
1417 1502 1512 1585 vice,
1547 1503 1584 1570 in
1604 1504 1736 1595 attineri
1751 1497 1948 1594 praedicati
1967 1505 2043 1578 vice
2064 1508 2144 1581 iun-

1152 1603 1259 1691 gitur.
1321 1603 1377 1672 Sic
1393 1604 1486 1672 enim
1516 1606 1683 1674 convenit
1704 1607 1740 1674 in
1765 1609 1927 1691 absoluta
1951 1611 2144 1686 ratiocina-

1152 1704 1270 1786 tione,
1306 1706 1340 1773 id
1366 1709 1460 1799 qnod
1485 1705 1677 1798 intelliges,
1704 1706 1737 1778 si·
1759 1710 1801 1778 ad
1832 1713 1943 1780 animi
1969 1715 2141 1787 iudicium

1152 1809 1343 1878 revocaris.
1402 1807 1495 1884 Nam
1523 1809 1605 1880 idco
1631 1811 1876 1900 praedicatum
1904 1817 2142 1890 conclusionis

1152 1911 1195 1995 de
1212 1909 1624 2009 suliieetolconclnsionis
1638 1913 1787 2000 dicitur,
1821 1918 1962 2010 quiade
1979 1945 2141 2014 eoprae·

1152 2007 1323 2096 dicatur,¹
1346 2015 1441 2108 qnod
1462 2013 1553 2083 idem
1574 2029 1626 2084 est
1640 2041 1719 2086 cuin
1738 2018 1919 2104 subiecto,
1950 2046 2080 2122 nempe
2099 2025 2143 2110 de

1152 2113 1284 2202 medio.
1500 2203 1503 2211 Ι
1798 2108 1802 2117 ’

1254 2213 1354 2285 Modi
1387 2231 1544 2312 quatuor
1568 2232 1673 2301 sunt,
1708 2215 1929 2296 Universalis
1958 2227 2143 2313 affirmati-

1152 2343 1236 2400 vus,
1270 2315 1489 2392 Universalis
1521 2321 1725 2410 negativus,
1766 2337 1801 2394 et
1827 2326 1894 2419 qui,
1921 2353 1962 2398 ex
1996 2325 2051 2400 his
2079 2355 2143 2401 na-

1151 2434 1317 2508 scuntur,
1347 2421 1579 2518 Particularis
1602 2423 1855 2513 affinnativus,
1889 2443 1924 2500 et
1947 2430 2142 2521 Particulag

1151 2521 1200 2594 ris
1218 2523 1480 2620 negativus⁸¹),
1508 2515 1613 2616 vulgo
1639 2529 1867 2625 appellantur
1878 2531 2061 2618 Barbara,
2089 2518 2143 2606 ce

1150 2625 1287 2710 lacent,
1319 2627 1429 2710 darii,
1464 2627 1575 2713 serio,
1611 2629 1740 2727 quibus
1763 2633 1969 2706 nominibus
1990 2639 2144 2710 docendi

1151 2727 1264 2820 gratia
1291 2753 1357 2800 nos
1380 2755 1525 2824 quoque
1552 2744 1705 2819 ptenmr.
1756 2731 1821 2805 His
1845 2750 2001 2832 quatuor
2025 2742 2143 2816 modis

1151 2855 1290 2901 necesse
1321 2844 1373 2904 est
1402 2833 1579 2904 contineri
1606 2859 1731 2909 omnes
1754 2834 1978 2932 syllogismos
2003 2824 2142 2936 primae

1150 2931 1295 3023 figurae.
1347 2933 1420 3006 Nec
1437 2935 1501 3006 ulli
1520 2948 1601 3028 apte
1618 2949 1715 3011 extra
1732 2933 1798 3012 hos
1811 2945 1947 3016 ,modos
1963 2941 2003 3017 in
2025 2946 2141 3040 prima

1150 3037 1261 3127 ligura
1283 3050 1463 3109 texuntur.
2095 3037 2100 3045 ’

1149 3135 1223 3214 Bar
1254 3137 1383 3209 Omnis
1400 3138 1533 3236 institia
1553 3153 1605 3212 est
1621 3137 1745 3214 virtus.

1150 3239 1194 3308 ba
1255 3239 1385 3312 Omnis
1395 3237 1511 3339 'pietas
1528 3256 1581 3314 est
1598 3244 1753 3330 iustitia,
1780 3273 1864 3342 ergo

1150 3367 1190 3410 ra
1253 3341 1382 3414 Omnis
1395 3347 1511 3438 pietas
1528 3358 1581 3416 est
1596 3344 1721 3418 virtus.

1150 3441 1198 3516 Ce
1249 3445 1356 3518 Nulla
1372 3445 1505 3518 iustitia
1523 3461 1574 3520 est
1591 3449 1740 3536 vitinus,

1149 3546 1183 3618 la
1252 3547 1381 3620 Omnis
1399 3551 1510 3642 pietas
1525 3563 1576 3622 est
1592 3549 1747 3638 iustitia,
1774 3579 1857 3647 ergo

1149 3646 1230 3721 'rent
1252 3649 1357 3722 Nulla
1369 3653 1491 3749 'pietas
1507 3667 1559 3726 est
1577 3653 1714 3728 vitium.

1149 3749 1204 3822 Da
1251 3751 1380 3826 Omnis
1414 3749 1603 3827 hominum
1638 3759 1791 3831 societas
1833 3761 1970 3856 legibus
2006 3771 2142 3842 muniri

1557 3861 1683 3944 debet,

1149 3959 1181 4028 ri
1253 3957 1387 4032 Civitas
1404 3957 1660 4048 estghominum
1678 3967 1849 4052 societas,
1876 3995 1961 4066 ergo

1148 4161 1178 4232 F
1181 4189 1198 4234 e
1250 4163 1356 4238 Nulla
1370 4162 1559 4240 hominum
1572 4171 1723 4243 societas
1733 4174 1867 4264 legibus
1880 4181 2012 4250 inuniri
2023 4185 2140 4270 debet,

1150 4266 1183 4337 ri
1254 4267 1388 4342 Civitas
1407 4286 1460 4344 est
1475 4267 1663 4344 hominum
1680 4277 1850 4362 societas,
1877 4305 1961 4372 ergo

1150 4394 1172 4439 o
1253 4368 1387 4444 Civitas
1404 4375 1540 4465 legibus
1558 4377 1690 4448 muniri
1706 4403 1782 4450 non
1800 4381 1917 4454 debet.

1253 4489 1316 4562 llis
1332 4493 1514 4566 adduntur
1529 4497 1627 4566 modi
1641 4497 1867 4591 Baralipton,
1893 4505 2058 4591 celantes,
2076 4512 2139 4580 da·

1150 4592 1244 4664 bitis.
1295 4593 1497 4667 Oinsnlsos
1512 4593 1694 4686 homines,
1721 4601 1785 4696 qui
1805 4617 1979 4696 putarunt
1997 4611 2136 4703 uspiam

1149 4719 1252 4766 usum
1288 4720 1362 4769 esse
1394 4702 1632 4774 conclusionis
1666 4706 1880 4793 indis-eccae,
1929 4736 2038 4804 quam
2074 4695 2138 4784 vo-

1149 4797 1303 4895 cant'')!
1344 4799 1437 4874 Satis
1460 4805 1533 4874 scio
1550 4809 1711 4878 converti
1726 4831 1829 4901 posse
1843 4815 2136 4904 pronuntiatum:

1179 5043 1483 5164 wioeimgmm
1518 5045 1550 5094 tn
1575 5045 1673 5098 torntr
1707 5046 1938 5112 ryttogtrnorun
1960 5049 2049 5113 prtn
2069 5065 2137 5118 pu.

1179 5195 1229 5256 bt)
1245 5199 1348 5248 nouat.
1367 5209 1470 5263 merge
1498 5199 1584 5248 Notae
1604 5199 1748 5251 tttcrcrun
1773 5201 1804 5250 Α.
1822 5201 1992 5254 antverrettc
2009 5205 2133 5257 nurne-

1214 5265 1283 5318 ttvc.
1319 5267 1350 5316 n.
1369 5267 1538 5317 nntvcrsctts
1553 5269 1691 5332 negcttrs„
1729 5269 1749 5322 t.
1769 5270 1945 5332 perttcutertr
1958 5273 2135 5328 curuum.

1215 5335 1248 5388 0.
1266 5335 1445 5399 perticutects
1462 5336 1603 5400 ncgcttcc.
1831 5367 1835 5376 -

1178 5420 1228 5482 bt)
1248 5423 1348 5473 nannet
1369 5433 1474 5492 meru:
1492 5422 1665 5564 nettqqtqtur
1680 5423 1753 5476 nott
1771 5413 1880 5492 gotdcn'
1896 5428 2000 5492 prins·
2017 5429 2135 5496 mccc,
