4812 5964
105 279 183 354 tot
627 275 749 405 XCIV.
802 275 1129 357 casulanum
1164 279 1358 353 GRAECA
1390 275 1619 356 INTEGRA.
1956 366 1958 372 ,
2070 286 2142 358 tot

97 449 262 528 Perinde
284 472 327 520 ac
349 449 380 520 si
402 447 531 520 Latine
555 449 668 521 di'cas:
703 458 842 541 perte,
868 471 953 540 per,
980 449 1095 544 quite
1153 449 1256 549 nupti
1271 447 1419 546 κυρίου.
1454 451 1665 522 ¹hostilium
1683 466 1803 524 meum
1830 478 1849 526 a
1876 455 2038 542 domino.
2089 456 2148 528 Sic

100 556 212 626 talem
229 575 387 644 genuere
402 565 580 642 parentes.
630 550 718 623 Item
740 574 887 637 noram,
911 546 1004 649 πρὸς
1023 555 1101 626 τῶν
1153 557 1258 628 Plato
1274 557 1312 625 in
1327 552 1512 625 Phaedro:
1540 551 1642 652 παρὰ
1654 551 1825 649 Λυσίου,
1851 547 2111 652 &luitperto

101 651 338 746 ἐπισκόπων,
372 679 494 726 coram
517 653 717 747 Episcopis.
769 653 819 738 Fa
843 653 1020 738 officium,
1055 651 1101 727 oti
1255 658 1333 729 Hac
1361 658 1446 728 item
1480 659 1746 750 praepositione
1774 661 1956 750 passivum
1992 663 2142 732 verbum

99 758 197 858 πρδς
213 755 427 856 φιλοσόφου
441 752 666 854 φιληδουιῖν.
716 757 800 830 Νοο
819 770 873 828 est
892 752 1101 849 philosophi
1154 764 1251 834 casui
1271 772 1434 853 aptatur,
1467 772 1508 829 ut
1530 761 1702 859 adyersus
1723 761 1930 852 imperitum
1948 761 2146 837 Lucianus:

99 862 284 954 voluptati
300 861 497 951 indulgere.
533 859 766 955 ,Quanquam
782 855 1041 932 Demosthenes
1061 859 1100 927 in
1153 860 1350 958 ξυλλαβών
1368 860 1416 934 τὰ
1431 865 1500 934 τοῦ
1516 859 1755 938 Θουκυδίδου
1770 859 1842 936 ὅσα
1857 861 1960 956 παρὰ
1983 871 2054 939 τοῦ
2070 869 2148 960 Δη-

102 967 271 1036 oratione
289 976 415 1034 contra
431 958 644 1035 Aeschinem
664 976 699 1034 et
712 958 805 1060 πρὸς
821 953 884 1058 ἐμὲ
901 957 971 1031 hac
991 962 1100 1052 signi·
1151 964 1384 1062 μοσθένους,
1415 961 1477 1039 καὶ
1503 960 1601 1037 αὐτὰ
1622 959 1770 1047 ὀκτάκις
1791 966 2148 1064 μετιγγιγραμμέγα

100 1069 272 1140 ficatione
286 1079 455 1157 usurpat:
492 1066 609 1134 adme
632 1067 826 1159 pertinens.
877 1064 941 1136 Est
964 1077 999 1133 et
1020 1067 1100 1135 iun·
1153 1065 1301 1165 εὑρέθη.
1355 1065 1488 1140 Nactus
1505 1063 1740 1160 Thucydidas
1757 1092 1887 1165 opera,
1918 1093 2030 1164 eaque
2053 1095 2145 1164 quae
2219 1103 2221 1110 ⁴

100 1184 343 1253 cturacasus,
378 1169 442 1261 qui
466 1168 608 1260 passivo
625 1169 865 1252 construitur,
892 1161 1101 1263 Σωκράτης
1153 1165 1442 1242 aDemosthene
1469 1170 1578 1241 octies
1599 1171 1775 1263 descripta
1798 1184 1882 1243 sunt
1905 1184 1970 1242 etc.
2025 1165 2145 1264 'signi-

102 1275 267 1372 φιλεῖται
285 1265 378 1370 πρὸς
392 1267 584 1364 δαίμονος.
1152 1275 1235 1344 licat
1259 1287 1295 1342 et
1313 1295 1430 1366 supra
1453 1273 1599 1363 genitivi
1626 1274 1786 1367 syntaxi,
1814 1287 1856 1344 ut
1877 1269 1967 1355 θεὸς
1988 1280 2057 1348 τοῦ
2081 1301 2146 1369 με-

209 1374 364 1457 Dativo,
404 1396 543 1467 snpra,
577 1387 618 1442 ut
646 1369 739 1471 πρὸς
766 1370 912 1454 τούτοις
925 1372 983 1468 ⁶⁷).
1053 1371 1101 1442 Et
1151 1373 1285 1476 γίστου
1300 1379 1378 1448 τῶν
1392 1372 1573 1472 δριθμιϊιν
1592 1372 1776 1472 ὑπεροχὴ,
1811 1371 1914 1474 παρὰ
1936 1381 2015 1452 τῶν
2035 1375 2146 1477 ἐγγυ-

98 1501 240 1574 prope,
266 1499 375 1576 erpa,
405 1471 678 1572 aqueductum,
710 1471 982 1549 Demosthenes.
1151 1472 1290 1553 τάτων.
1343 1478 1474 1560 idest,
1500 1476 1618 1562 Deus,
1652 1479 1800 1548 maximi
1828 1503 2062 1550 numerorum
2089 1505 2147 1558 eu

172 1580 423 1651 *Accusativo
455 1580 597 1662 iuncta,
638 1592 726 1649 tum.
753 1581 898 1647 demum
930 1576 1099 1670 propriae
1154 1605 1269 1654 cessus
1291 1603 1397 1672 supra
1426 1581 1611 1672 proximos
1632 1605 1803 1653 numeros
1826 1593 1888 1652 est.
1941 1579 2146 1675 Athenago-

102 1682 376 1776 significationis
399 1695 471 1774 est,
493 1694 543 1780 'ut
561 1681 707 1752 Manuel
725 1681 957 1772 Moscopulus
981 1704 1099 1770 gram
1152 1708 1215 1754 rae
1231 1684 1339 1754 verba
1354 1681 1486 1752 suntin
1506 1685 1690 1768 oratione,
1716 1709 1785 1778 qua
1807 1682 1944 1774 legatus
1970 1687 2015 1755 ad
2031 1685 2145 1756 Anto·

102 1788 259 1858 malicus
274 1784 459 1880 omnium,
485 1785 525 1852 ni
539 1784 664 1867 fallor,
692 1783 755 1878 qui
769 1783 955 1876 superiore
978 1783 1099 1866 seculo
1152 1789 1259 1858 uiuos
1277 1785 1445 1856 Caesares
1463 1784 1603 1873 circiter
1620 1809 1754 1858 annum
1778 1787 1902 1858 salutis
1924 1789 2145 1858 instauratae

102 1892 228 1962 literas
254 1889 523 1969 instaurarunt,
556 1885 650 1956 idem
678 1887 784 1976 longe
808 1885 1100 1976 diligentissimus
1154 1889 1384 1960 centesimum
1403 1900 1438 1958 et
1452 1888 1753 1982 septuagesimum
1769 1892 1936 1980 dogmata
1950 1887 2145 1961 Christiani

102 2018 145 2063 ac
163 1991 412 2074 doctissimus,
436 1989 572 2083 inquit:
597 1985 658 2064 ὅτι
671 1983 714 2062 δι’
737 1983 761 2082 ἡ
784 1983 877 2085 πρὸς
897 1983 944 2061 τὰ
967 1984 1101 2080 ἑαυτῆς
1151 1991 1310 2062 nominis
1324 2003 1460 2062 tutatus
1476 2005 1538 2063 est.
1591 1991 1673 2084 Quo
1691 1994 1772 2082 loco
1789 2016 1901 2062 unum
1916 1992 2034 2064 Deum
2053 2017 2145 2064 asse-

102 2090 299 2190 σημαίνει,
324 2089 391 2166 καὶ
406 2090 451 2166 οὐ
473 2090 705 2188 λαμβάνεται
727 2085 814 2164 ἀντὶ
835 2087 980 2185 ἑτέρας,
1013 2087 1097 2184 μετ’
1152 2095 1200 2164 rit
1225 2119 1244 2164 c
1266 2089 1566 2186 philosophorum
1583 2079 1746 2169 decretis.
1798 2093 1901 2164 Hanc
1916 2091 2146 2196 ὑπογραφὴν

102 2199 311 2292 αἰτιατικῆς
336 2192 588 2280 wascones.
652 2193 792 2264 Motum
827 2195 874 2262 ad
906 2215 1097 2285 personam
1151 2196 1241 2280 Dei,
1266 2195 1481 2266 familiarem
1499 2193 1641 2267 scholae
1658 2194 1921 2292 Pythagtlricae
1944 2197 2144 2270 ePhilolao

105 2300 301 2392 significat,
324 2300 385 2372 ἴθι
404 2294 497 2394 πρὸς
510 2294 578 2370 τδν
594 2295 781 2393 ἄρχοντα,
809 2295 846 2364 id
864 2307 937 2378 est,
964 2297 1010 2364 ad
1024 2317 1099 2362 ma·
1153 2310 1277 2369 testem
1295 2297 1443 2368 unitatis
1457 2297 1525 2368 Dei
1549 2299 1678 2390 allegat
1700 2323 1848 2392 prorsus
1871 2293 2144 2398 αἰνιγματώδη.

103 2403 309 2496 gistratum.
357 2400 433 2475 Nec
448 2402 493 2470 ad
509 2401 603 2470 solas
617 2420 806 2489 personas,
832 2399 893 2468 sed
916 2397 960 2464 ad
983 2395 1099 2466 inani·
1152 2401 1419 2495 Quamobrem,
1446 2424 1519 2495 quo
1543 2402 1710 2473 studiosis
1736 2403 1964 2492 elegantioris
1987 2399 2146 2496 philoso-

104 2518 230 2588 mata,
254 2500 345 2598 πρὸς
359 2497 565 2599 περίπατον
574 2554 588 2594 ,
614 2501 731 2571 Plato.
771 2499 1101 2591 Advertttmsigni·
1151 2501 1258 2597 phiao
1284 2515 1425 2594 gratum
1449 2502 1599 2586 faciam,
1631 2528 1799 2598 scrupum
1824 2505 1974 2576 solvam.
2033 2503 2144 2598 quue

103 2611 211 2693 licat,
234 2604 377 2680 Γότθοι
397 2609 599 2700 πολεμοῦσι
615 2598 707 2700 πρὸς
716 2597 924 2702 Ῥωμαίους
930 2655 944 2690 ,
971 2597 1100 2672 Gotthi
1152 2607 1209 2676 vel
1238 2606 1394 2675 maxime
1416 2605 1620 2675 oblectandi
1640 2606 1822 2679 Francisci
1846 2607 2010 2679 Stadiani
2038 2607 2146 2679 amici

102 2712 243 2782 bellum
262 2735 341 2781 cum
355 2707 532 2778 Romanis
546 2718 685 2800 gerunt.
721 2705 811 2776 Tale
830 2717 881 2776 est
896 2702 989 2801 πρὸς
1000 2701 1100 2800 κάρα
1152 2708 1267 2780 nostri
1295 2707 1592 2799 summigratia,
1628 2709 1704 2794 cui,
1741 2723 1783 2781 ut
1811 2723 1864 2781 est
1893 2705 2143 2802 philosophiae

102 2809 246 2911 κάριζο.
283 2811 409 2906 Neque
425 2835 511 2882 vero
530 2821 667 2882 motum
684 2807 1011 2900 significatsolum‚
1037 2806 1099 2877 sed
1153 2809 1271 2884 omnis
1290 2833 1407 2880 novae
1431 2833 1473 2880 ac
1495 2811 1624 2882 veteris
1648 2813 1760 2904 probe
1780 2813 1936 2904 peritus,
1976 2815 2023 2882 ad
2055 2809 2144 2884 haec

104 2931 143 2989 et
165 2917 344 3012 quietem,
369 2915 501 2998 idest,
527 2938 600 2988 esse
626 2910 763 3006 aliquid
786 2911 949 2994 inloco,
975 2905 1100 2980 habet·
1153 2910 1390 3006 Theologicas
1412 2914 1535 2985 literas
1555 2911 1623 2988 τὸν
1650 2919 1745 2988 νοῦν
1770 2913 2144 3011 κατασκευασάμενοι

103 3045 181 3116 que
197 3015 402 3111 emphasin,
426 3017 541 3114 opud.
591 3014 773 3086 Lucianus
795 3013 990 3109 injCycno:
1027 3033 1099 3085 osc·
1153 3029 1272 3089 sancte
1296 3017 1522 3108 complexus,
1548 3041 1588 3087 ea
1605 3014 1834 3112 Pythagorae
1855 3019 2031 3090 sententia
2051 3019 2143 3088 mire

102 3117 309 3222 ρῆναςμέν
324 3117 419 3196 εἶναι
438 3117 531 3216 πρὸς
556 3111 713 3211 αὐτούς,
738 3115 883 3190 Sirenas
908 3141 983 3190 esse
1004 3117 1101 3209 apud
1152 3120 1300 3215 probari
1316 3121 1435 3192 solet..
1469 3119 1533 3190 Est
1549 3131 1667 3190 autem
1689 3147 1827 3192 summa
1852 3121 1917 3194 rei.
1967 3121 2066 3193 Deus
2087 3145 2144 3191 ex·

102 3251 185 3298 eos.
232 3219 504 3321 sceptroque
519 3225 703 3320 μητρυιᾶς
724 3217 877 3309 κλαίεις,
903 3219 1010 3312 Apud
1035 3243 1100 3288 11⁰·
1154 3247 1269 3306 cessus
1285 3235 1355 3306 est,
1382 3247 1455 3316 quo
1478 3223 1655 3296 maximus
1675 3247 1867 3310 uumerus,
1900 3225 2069 3296 denarius
2092 3224 2145 3300 vi·

103 3351 236 3400 vercae
250 3328 428 3398 tumulum
447 3328 580 3418 ploras.
632 3323 874 3394 lmitatiouem
897 3323 1034 3413 signat,
1062 3333 1102 3393 ut
1153 3327 1299 3412 delicet,
1324 3325 1529 3418 proximum
1548 3328 1742 3398 nonarium
1760 3340 1924 3420 superat,
1951 3327 2142 3398 vincituo·

104 3426 203 3528 πρὸς
215 3423 363 3526 μύρτον
376 3424 503 3525 ᾄδειν,
529 3424 623 3523 πρὸς
635 3422 854 3523 κλεψύδραν
872 3423 1003 3526 λέγειν.
1037 3423 1102 3496 Est
1152 3429 1295 3500 narium
1312 3428 1451 3500 unitate
1466 3429 1645 3501 denarius.
1698 3429 1795 3500 Deus
1819 3429 1929 3520 igitur
1944 3431 2063 3502 unitas
2080 3440 2145 3514 est,

105 3533 293 3606 eGraecis
311 3531 490 3626 quispiam
506 3554 581 3600 non
603 3527 772 3620 ignobilis
789 3540 914 3615 autor,
940 3521 1003 3622 qui
1025 3551 1101 3598 ma·
1155 3547 1262 3629 atque
1282 3533 1373 3602 adeo
1390 3530 1530 3600 denarii
1554 3531 1693 3616 unitas,
1717 3531 1965 3624 perfectissimi
1989 3531 2145 3616 numeri,

107 3637 177 3732 gni
190 3634 349 3730 mysterii
365 3635 444 3704 loco
460 3628 554 3730 πρὸς
567 3631 806 3702 imitationem
833 3655 875 3702 ec
896 3630 1101 3702 similitudi·
1153 3637 1269 3719 idest,
1295 3629 1447 3705 nathrae
1464 3633 1589 3706 omnes
1606 3635 1768 3706 omnium
1787 3634 2046 3727 perfectionum
2063 3657 2144 3724 gra·

106 3765 194 3811 nem
216 3740 402 3828 designare
419 3747 523 3828 putat
544 3736 640 3828 apud
654 3731 852 3806 Iohannem
879 3729 937 3832 [1,
955 3729 1029 3832 1.];
1061 3732 1102 3808 ἐν
1154 3742 1220 3810 dus
1239 3737 1456 3832 complexae.
1509 3736 1624 3830 Supra
1642 3737 1825 3830 proximos
1845 3759 2034 3822 numeros,
2060 3747 2144 3808 sunt

105 3841 209 3940 ἀρχῇ
226 3834 274 3936 ἦν
293 3836 313 3914 ὅ
329 3832 438 3940 λόγος
457 3833 563 3913 aoid
589 3836 697 3938 λόγος
714 3830 764 3933 ἦν
784 3833 878 3934 πρὸς
901 3834 970 3911 τὸν
995 3829 1101 3910 θοόν.
1155 3853 1339 3914 creaturae
1363 3833 1539 3935 quaedam
1564 3838 1700 3924 εἰκόνες
1721 3839 1811 3924 Dei,
1843 3835 1908 3914 καὶ
1931 3835 2145 3932 armenta,

104 3947 157 4018 Et
182 3947 330 4015 verbum
353 3956 432 4012 erat
450 3942 546 4034 apud
561 3940 698 4040 Deum,
724 3942 872 4010 verbum
893 3941 1026 4040 patris,
1052 3937 1102 4012 el·
1155 3969 1246 4040 quae
1265 3943 1370 4014 nobis
1389 3967 1452 4014 ceu
1477 3941 1687 4016 methodum
1709 3947 1884 4037 praebent
1907 3943 2145 4038 cognoscendi

104 4043 208 4125 κᾶνα
237 4071 310 4120 esse
339 4069 416 4114 nou
440 4045 618 4137 spiritum.
683 4041 889 4135 Composita
916 4042 1103 4126 advolet,
1154 4047 1235 4118 Ilei.
1288 4046 1409 4139 Quare
1430 4048 1573 4140 sapiens
1597 4048 1653 4116 vir
1668 4042 1894 4142 Pythagoras
1917 4041 2146 4148 ὑπογραφὴν

107 4176 224 4250 quam
246 4149 411 4245 equidem
429 4146 725 4238 significationem
740 4147 927 4238 propriam
949 4151 996 4241 τῇ
1011 4139 1104 4241 πρὸς
1153 4149 1223 4221 Dei
1241 4174 1260 4220 e
1276 4149 1449 4242 proximis
1466 4151 1616 4221 denario
1633 4153 1810 4235 numeris,
1837 4151 1874 4220 id
1896 4164 1968 4234 est,
1992 4173 2011 4218 e
2034 4148 2145 4220 simil-

108 4255 289 4337 arbitror,
315 4253 531 4344 προςναλῶ,
557 4252 707 4320 advoco.
1154 4253 1251 4326 limis
1267 4251 1411 4322 divinae
1426 4266 1576 4325 natiuae
1591 4252 1774 4346 spiritibus
1791 4253 1909 4322 traxit.
1962 4251 2144 4343 'l'empero

216 4349 326 4453 Πρό,
352 4363 456 4436 unte,
482 4350 642 4425 Genitivi
656 4351 767 4424 solius
782 4365 855 4436 est,
881 4352 950 4422 loci
964 4365 1102 4442 tempo·
1154 4352 1264 4440 mihi,
1289 4379 1335 4426 ne
1351 4355 1492 4448 longius
1508 4370 1605 4426 extra
1621 4368 1720 4448 septa
1737 4352 1880 4439 evehor,
1902 4367 1944 4425 ut
1958 4353 2028 4424 dici
2043 4355 2144 4438 solet,

108 4463 236 4553 risque
261 4455 581 4539 nota‚1’risciano
607 4467 717 4540 teste,
751 4449 823 4552 πρὸ
847 4449 985 4550 πύλης,
1019 4465 1102 4523 ante
1155 4461 1274 4554 quod,
1293 4459 1322 4528 si
1340 4457 1420 4551 quis
1437 4455 1525 4528 mihi
1549 4457 1731 4550 continget
1746 4458 1859 4528 lector
1873 4457 2052 4530 studiosus
2068 4481 2144 4550 my·

106 4576 269 4658 portam.
327 4557 536 4650 Composita
557 4581 650 4652 prae
669 4559 863 4650 significat,
889 4553 1102 4652 προβάλλω,
1155 4561 1346 4634 steriorum
1375 4557 1647 4654 philosophiae,
1687 4557 1775 4630 haec
1804 4584 1872 4653 pro
1902 4561 2047 4654 iugenio
2079 4583 2143 4632 suo

106 4687 323 4760 praepono,
346 4660 559 4757 πρόβλημα.
604 4662 875 4754 Nonnunquam
893 4655 980 4734 ἀντὶ
995 4659 1104 4750 signi·
1154 4663 1299 4737 uberius
1317 4675 1410 4753 agat.

106 4771 219 4852 fleat,
238 4770 312 4866 γῆν
326 4760 399 4862 πρὸ
413 4767 498 4864 γῆς,
527 4776 659 4834 terram
674 4789 741 4858 pro
758 4777 866 4835 terra.
1257 4765 1390 4835 Dativo
1414 4758 1516 4860 nupsi
1539 4766 1779 4852 construitur,
1795 4817 1798 4822 -
1808 4791 1925 4862 prope
1952 4768 2009 4836 vel
2031 4774 2145 4842 iuxta

1155 4869 1377 4961 significans,
1402 4862 1512 4964 nopd'
1527 4873 1582 4965 τῷ
1603 4863 1723 4966 κυρίῳ
1747 4867 1862 4955 ileos,
1896 4870 2002 4960 apud
2017 4867 2145 4937 Domi-

1154 4965 1241 5042 num
1257 4971 1516 5041 misericordia.
1568 4969 1748 5042 Locorum
1767 4997 1808 5040 ac
1824 4995 2059 5062 personarum
2081 4985 2145 5056 cst,

218 5071 335 5170 anoi
366 5069 543 5164 genitivo,
584 5072 705 5141 dativo
732 5083 768 5141 et
790 5070 991 5140 accusativo
1018 5091 1103 5137 con·
1154 5074 1362 5145 Aristoteles
1385 5075 1422 5142 in
1445 5073 1630 5146 Eudemiis
1652 5073 1849 5144 moralibus
1872 5068 1975 5172 παρὰ
1996 5081 2051 5172 aqi
2066 5075 2147 5174 θεῷ

109 5175 286 5260 struitur,
311 5177 374 5248 sed
398 5177 468 5244 alia
493 5174 763 5268 significatione.
815 5173 985 5244 Genitivo
1006 5170 1101 5241 idem
1156 5178 1265 5262 dixit,
1290 5200 1378 5270 prot
1402 5175 1528 5248 aDeo.
1818 5191 1822 5204 ·

109 5282 214 5376 quod
229 5275 323 5373 πρὸς
334 5281 477 5371 signans
494 5278 625 5348 exitum
643 5301 838 5369 apersona,
853 5270 1014 5371 βοήθειά
1026 5299 1104 5368 μου
1150 5297 1153 5304 ’
1256 5279 1469 5351 Accusativo
1502 5292 1639 5350 motum
1671 5281 1823 5349 adrem
1854 5279 2019 5371 signans,
2059 5275 2141 5374 παρ’

108 5441 324 5456 ,....-.......
1160 5377 1427 5476 αῧτδνῖωμιν,
1461 5385 1506 5453 ad
1529 5383 1645 5474 ipsum
1670 5407 1804 5455 eamus.
1863 5380 1904 5453 ln
1928 5382 2144 5453 Parmenide
2240 5463 2242 5475 y

149 5511 470 5586 susannense...]
490 5517 518 5567 tn
536 5515 622 5570 rata.
642 5515 833 5571 rasa-rus.
855 5515 965 5572 ssent
1154 5485 1318 5558 Platonis
1335 5480 1439 5578 παρὰ
1459 5483 1576 5562 πότον
1595 5483 1814 5582 βακχεύειν,
1841 5483 2002 5558 lusanire
2018 5487 2063 5556 ad
2078 5509 2143 5578 po·
2223 5483 2227 5492 “

198 4935 261 5008 De
288 4936 625 5034 disyllaharum
651 4932 1017 5005 constructione.
