4938 5966
319 491 400 556 Aur.
415 509 445 556 s.

319 594 402 659 Aor.
417 594 449 660 b.

850 486 952 563 ἔλεξα

850 589 967 672 ἔλεγον

321 829 494 895 Praesens
589 827 710 912 φράζιο
849 826 990 914 πράττο
1111 827 1238 915 ψύλλο

320 931 510 1016 imperta)
584 925 735 1016 ἔφραζον
847 927 1019 1017 ἔπραττον
1110 928 1267 1017 ἔψαλλον

321 1033 467 1101 Ροτῐοοι.
586 1033 750 1117 πέφραιιο
847 1033 1065 1120 πέπροχαῑθ)
1109 1029 1248 1121 apuam

321 1134 542 1220 Plusqmporl.
585 1131 798 1218 ἀποφράττειν
847 1129 1279 1223 λποπράχεινῧμψάλνιιν

321 1239 399 1306 auc
418 1257 450 1303 s.
587 1231 712 1321 φράσοο
848 1237 972 1321 πρύξιι
1108 1236 1216 1326 ψολοῖ
1231 1297 1236 1300 .

321 1338 445 1406 recu
585 1332 711 1421 φραάιλ
845 1336 968 1423 agarei
1106 1335 1213 1424 ψαλῶ

323 1443 402 1508 Aor.
418 1458 448 1504 s.
585 1433 725 1523 ἔφρασα
850 1435 985 1525 ἔπραξα
1110 1435 1227 1525 ἀψρλα

324 1543 406 1608 dor.
421 1541 453 1604 lv.
584 1536 739 1626 ἔφρασαν
816 1536 1000 1626 Ιἀπρονον
1110 1537 1258 1626 ἔφαλον.

740 1659 857 1759 v1.·¹)

1111 485 1238 554 instra

1112 589 1273 659 ἔπειθον.

1141 715 1243 806 vn)

587 485 701 576 aspa

585 589 711 658 ἀτνπον

603 713 678 785 llll.

324 1777 494 1844 Praesens
514 1776 590 1858 μύιο

325 1881 460 1966 Imperi.
483 1877 587 1961 ἔμνον
822 1883 947 1969 Fut).
966 1881 1044 1963 μού

324 1983 472 2050 Paricea
494 1982 627 2064 μέμνκα
825 1987 904 2049 Aor.
919 2003 950 2049 ο.
972 1978 1083 2065 ipseo

325 2085 591 2171 Plusqusmporl.
613 2080 794 2165 λμομύιιειν
825 2087 904 2150 Aor.
918 2085 949 2150 lv.
973 2081 1088 2165 ἔρανον.

256 2277 260 2284 .
431 2190 501 2262 Sex
530 2190 825 2282 coniugationum
856 2203 962 2285 typos
984 2190 1138 2274 tradidi,
1171 2202 1321 2286 quartae

328 2293 592 2385 coniugatiouis
617 2293 816 2384 duplicem,
854 2306 1005 2386 propter
1030 2296 1121 2364 duos
1140 2293 1217 2365 eius
1238 2288 1323 2363 cha·

326 2407 484 2468 racteres
508 2393 784 2488 praeteritorum
809 2418 850 2465 ac
869 2396 1088 2466 futurorum.
1152 2393 1324 2467 Enitatur

326 2524 438 2593 puer,
462 2508 504 2566 ut
517 2519 752 2591 quaecunque
769 2510 960 2567 occurrant
976 2500 1105 2581 verba,
1126 2493 1197 2567 hoc
1212 2498 1322 2569 modo

327 2625 393 2695 per
407 2598 593 2668 indicativi
608 2599 783 2668 formulas
804 2599 1038 2683 demetiatur,
1069 2594 1161 2669 nihil
1184 2599 1324 2668 maiore

331 2702 524 2774 commodo
542 2701 581 2768 in
598 2723 639 2768 re
655 2701 890 2790 grammatica
908 2701 1027 2772 saciet.
1084 2699 1178 2772 Nam
1204 2726 1247 2772 ex
1268 2698 1325 2772 his

327 2805 507 2900 reliquam
533 2800 822 2893 coniugationem
843 2803 947 2873 facile
970 2803 1149 2874 coniiciet.
1213 2802 1325 2897 Quid,

328 2905 491 3002 inquies,
518 2906 563 2975 de
577 2903 838 2975 circumflexis?
873 2931 937 2977 cur
959 2903 1075 2977 adhuc
1101 2907 1162 2975 illa
1186 2903 1325 2976 latent?

328 3008 508 3105 Equidem
540 3019 575 3076 et
595 3007 657 3074 illa
681 3006 720 3074 in
743 3002 832 3076 haec
854 3008 1036 3079 includam
1061 3008 1325 3102 paradigmata,

329 3123 372 3184 ut
404 3108 560 3191 videbis,
607 3121 714 3201 atque
748 3111 839 3179 adeo
873 3109 1086 3182 satisfaciam
1122 3110 1187 3180 tibi
1221 3135 1326 3203 pror-

330 3239 410 3287 sum
438 3215 478 3282 in
502 3209 676 3280 varianda
696 3207 850 3282 diathesi
871 3237 903 3284 m
922 3216 1028 3290 unius
1042 3217 1112 3287 τού
1128 3208 1257 3286 τύπτω
1271 3213 1326 3282 in·

330 3315 497 3387 flexione.

433 3417 489 3487 De
512 3413 708 3484 indicativo
731 3415 828 3486 satis.
895 3413 1015 3508 Exigit
1036 3417 1124 3489 fides
1145 3441 1246 3503 mea,
1285 3429 1327 3489 ut

330 3515 500 3591 nonnihil
522 3517 561 3586 in
586 3515 676 3586 alios
698 3518 867 3587 adnotem
892 3521 1034 3590 modos.
1094 3519 1325 3615 Quamquam

330 3621 434 3694 facile
448 3621 502 3690 illi
515 3619 682 3714 quidem,
714 3620 848 3715 quippe
873 3644 916 3690 er
940 3619 1144 3693 indicativis
1167 3624 1326 3692 forman-

331 3738 412 3810 tur,
438 3738 560 3795 tamen
574 3735 615 3791 ut
640 3721 856 3812 compendio
877 3747 969 3815 puer
994 3724 1114 3794 omnia
1143 3738 1327 3820 sequatur,

331 3824 424 3896 mihi
440 3849 546 3896 curae
564 3835 626 3894 est.

435 3924 561 4000 τύπτε.
594 3925 797 4015 analogiam
815 3950 975 4020 sequere.
1193 4003 1198 4016 ,

434 4025 562 4125 τύψον
585 4025 746 4096 aoriston
767 4029 928 4098 futurum
954 4041 1025 4112 est,
1056 4052 1131 4097 non
1153 4029 1331 4120 praeteri.

334 4146 413 4203 tum
424 4129 492 4224 ⁴⁴),
518 4121 685 4226 οτύφω,
712 4153 744 4200 ιο
758 4130 797 4197 in
814 4155 878 4220 ον,
905 4130 954 4202 sic
970 4133 1014 4200 de
1036 4131 1134 4211 aliis;
1158 4131 1327 4226 frequens

334 4234 431 4307 enim
449 4229 518 4302 hoc
531 4233 693 4302 futurum
711 4244 783 4316 e'st,
804 4228 938 4326 tleq'oca
952 4230 1111 4326 ἐλίησον.
1158 4231 1326 4308 Fortasse

333 4336 498 4420 miraris,
544 4357 721 4430 quaenam
762 4334 835 4406 sint
875 4330 1084 4432 huiusmodi
1119 4336 1326 4428 praeterita.

334 4438 431 4509 Audi
453 4436 676 4509 Priscianum
709 4437 748 4507 in
777 4449 903 4508 octavo
927 4439 990 4510 lib.
1014 4437 1065 4509 sic
1091 4437 1325 4511 scribentem:

334 4543 442 4636 Apud
460 4541 618 4610 Graecos
634 4540 741 4608 etiam
759 4538 944 4632 praeteriti
959 4541 1133 4632 temporis
1152 4539 1248 4613 suut*
1259 4543 1326 4612 irn-

334 4643 517 4741 perativa,
544 4643 708 4736 quamvis
723 4642 798 4733 ipsa
841 4667 960 4737 uoque
985 4643 1161 4735 adfuturi
1187 4656 1326 4736 tempo·

333 4752 385 4822 ris
403 4769 546 4819 sensum
565 4745 782 4835 pertineant.
818 4737 1004 4841 ανεῴχθω
1019 4741 1043 4841 ἡ
1057 4739 1173 4840 πύλη,
1200 4761 1325 4839 aperta

335 4854 381 4924 sit
404 4849 530 4944 porta,
564 4847 707 4916 videtur
731 4846 932 4938 imperare,
968 4861 1009 4918 ut
1032 4849 1070 4918 iu
1093 4849 1216 4918 futuro
1236 4864 1326 4921 tem-

822 1779 900 1844 Fut.
917 1799 948 1844 ιι.
968 1777 1067 1860 μύσοο

902 320 1027 398 eun.
1060 321 1176 394 uua,
1209 319 1417 426 scarum
1445 315 1785 390 aulaumaiu.

2289 317 2364 390 100

1471 488 1606 587 τέτυφο
1618 515 1640 558 a
1660 485 1823 585 τέτυφα,
1849 511 1921 556 una
1936 487 2039 558 litera
2058 500 2208 559 mutata.

1425 625 1430 639 ·
1471 591 1575 661 Duae
1593 605 1677 662 sunt
1691 589 1907 682 imperativo
1923 613 2098 682 personae
2121 602 2284 672 tantum,
2309 611 2362 659 se-

1370 695 1487 764 cunda
1502 719 1543 764 ac
1557 695 1683 776 tertia,
1709 692 1859 784 perinde
1874 704 1915 761 ut
1932 691 2083 764 Latinis.

1471 789 1668 890 τύπτοιμι,
1711 794 1904 887 optativus.
1963 793 2160 866 Peculiaris
2183 791 2362 888 autcm⁸⁶)

1369 893 1454 967 huic
1470 895 1654 967 character
1672 909 1706 965 et
1722 897 1824 966 notio
1842 908 1895 968 est
1910 921 1944 970 οι
1957 891 2226 990 diphthongus*
2256 893 2361 964 -.Evm

1371 1023 1446 1069 non
1462 999 1658 1091 vulgariter
1672 999 1740 1068 tibi
1757 1000 1983 1070 commendo.
2035 997 2076 1068 ln
2093 997 2228 1071 aoristo
2243 996 2362 1090 primo

1372 1101 1410 1170 in
1433 1127 1472 1174 αι
1488 1102 1636 1185 transit,
1663 1114 1698 1170 et
1715 1101 1859 1170 Aeolice
1880 1102 1919 1170 in
1942 1127 1993 1194 ει,
2025 1115 2066 1172 ut
2085 1098 2248 1198 τύψαιμι
2265 1123 2364 1168 com·

1371 1204 1549 1287 munitet,
1575 1217 1611 1273 et
1624 1200 1760 1299 σι’πμεια
1775 1204 1931 1273 Aeolica.
2218 1195 2222 1203 ¹
2264 1233 2267 1242 ·

1475 1303 1541 1379 ἐάν
1559 1303 1700 1379 τύπτω.
1753 1304 1864 1377 Notio
1882 1303 2102 1376 coniunctivi
2116 1314 2187 1388 est,
2210 1301 2363 1374 subscri·

1371 1419 1455 1499 ptae
1470 1410 1647 1480 secundae
1664 1429 1706 1476 ac
1721 1407 1855 1476 tertiae·
1864 1429 2040 1498 personae
2054 1427 2118 1497 per
2134 1405 2257 1475 omnia
2273 1417 2363 1474 tcm-

1371 1531 1461 1601 pora
1478 1537 1522 1605 ῃ,
1549 1524 1590 1580 ut
1603 1501 1763 1602 τύπτῃς,
1788 1509 1921 1603 quippe
1937 1535 1958 1577 a
1971 1507 2139 1600 τύπτοις,
2163 1529 2305 1579 ιντοιο
2326 1508 2363 1575 in

1371 1637 1396 1705 ῃ
1411 1612 1552 1683 transit.
1604 1610 1796 1680 Caeterum
1812 1623 1847 1681 et
1865 1597 2072 1682 huiusmodi
2086 1610 2221 1681 aorista
2243 1610 2361 1680 lutura

1372 1725 1474 1799 suut,
1499 1737 1576 1784 non
1592 1712 1798 1804 praeterita.

1473 1809 1638 1888 crimem.
1697 1811 1871 1884 lnfinitivi
1903 1810 2080 1914 ἐγκλίσεις
2113 1814 2236 1884 νοτίοιο
2271 1826 2364 1885 sunt

1372 1915 1448 1986 Scis
1484 1919 1603 2000 enim,
1646 1917 1734 2008 quid
1768 1919 1908 1986 soleant
1939 1915 2185 1999 circumflexa,
2228 1929 2265 1986 et
2298 1939 2363 2008 pro

1371 2011 1504 2112 [λούειν
1524 2018 1647 2112 βοᾶν,
1681 2017 1868 2105 κισσοὶειν,
1902 2021 2058 2109 arcear,
2081 2011 2187 2105 ’ζύειν
2208 2014 2300 2110 ζᾶν,
2330 2029 2365 2086 et

1372 2143 1440 2210 pro
1463 2116 1534 2207 ζᾶν
1558 2115 1648 2214 ζῆν,
1690 2119 1727 2188 id
1749 2134 1820 2202 est,
1859 2121 1999 2203 vivere,
2032 2132 2068 2190 et
2089 2121 2186 2212 apud
2210 2115 2363 2190 Theocr.

1372 2244 1440 2311 pro
1456 2217 1619 2317 συρῖζιιν
1636 2219 1766 2310 legitur
1779 2217 1971 2321 σορίσδεν.
2103 2217 2141 2276 *s

1474 2323 1539 2396 Est
1555 2337 1590 2394 et
1613 2323 1719 2392 activi
1733 2319 1995 2417 Aparemplrati
2012 2321 2363 2418 terminatio-puras,

1373 2436 1415 2494 ut
1428 2427 1653 2519 τυπτὲμοναι
1667 2448 1734 2517 pro
1750 2425 1916 2520 τύπτειν,
1942 2439 1978 2496 et
1992 2426 2157 2498 abscisim
2172 2422 2366 2520 ταπτύμον,

1374 2526 1413 2595 id
1436 2530 1535 2621 quod
1558 2531 1655 2619 apud
1676 2525 1874 2599 Homerum
1897 2531 2106 2624 frequenter
2128 2527 2294 2609 videbis3'
2316 2539 2367 2599 est

1376 2629 1471 2698 enim
1487 2628 1607 2700 Ionica
1624 2631 1840 2720 proprietas,
1861 2644 1901 2701 ut
1914 2630 2044 2725 Odyss.
2058 2628 2086 2703 L
2103 2627 2175 2730 [τι.
2185 2627 2262 2702 870
2275 2626 2364 2727 sq.]:

1428 2727 1504 2804 ἐπεὶ
1518 2727 1605 2805 τόδε
1617 2729 1735 2804 καλὸν
1748 2729 1932 2825 ἀκουέμεν
1947 2731 2049 2806 ἐστὶν
2063 2728 2198 2807 ἀοιδοῦ

1426 2829 1587 2926 τοιοῦδ’,
1610 2827 1688 2916 οἶος
1703 2829 1762 2907 ὅδ’
1784 2830 1876 2924 ἐστὶ,
1891 2833 1997 2916 θοοῖς
2012 2832 2220 2934 ἐναλίγκιος
2233 2829 2363 2928 αύδήν.

1376 2933 1400 3005 i.
1419 2959 1448 3008 c.
1465 2935 1663 3008 Honestum
1691 2948 1743 3007 est
1768 2938 1893 3006 audire
1909 2931 2097 3008 cantorem
2114 2938 2243 3021 talem,
2280 2959 2365 3031 qua·

1376 3037 1420 3109 lis
1442 3033 1501 3108 hic
1524 3051 1577 3108 est
1598 3036 1725 3110 similis
1740 3036 1831 3108 Diis.
1873 3033 2056 3134 ἀκουέμεν
2079 3039 2125 3110 ab
2146 3034 2366 3132 ἀκουέμεναι

1377 3163 1444 3233 pro
1466 3137 1640 3230 ἀκούειν,
1671 3152 1713 3211 ut
1737 3139 1894 3234 ἔμμεναι
1914 3165 1982 3235 pro
2006 3136 2122 3236 εἶναι,
2153 3143 2225 3244 scd,
2238 3143 2284 3210 de
2298 3135 2364 3209 hoc

1377 3242 1483 3314 inira.

1478 3342 1659 3415 Hactenus
1677 3338 1846 3416 diathesis
1868 3371 1920 3438 ον,
1953 3367 2025 3440 qua
2048 3343 2168 3416 flectes
2190 3343 2305 3414 activa
2333 3355 2366 3414 et

1377 3457 1526 3528 neutra,
1559 3467 1755 3538 puerorum
1780 3468 1886 3518 causa
1909 3447 2029 3519 statim
2053 3459 2091 3517 et
2112 3444 2157 3518 iis
2179 3445 2365 3539 participia

1378 3547 1558 3618 adiiciam.

1481 3648 1775 3721 Terminatioucs
1789 3649 1898 3720 activi
1911 3649 2099 3742 participii,
2108 3662 2192 3722 sunt
2206 3674 2262 3728 ονν
2268 3701 2281 3738 ,
2306 3676 2366 3742 ως,

1378 3777 1434 3838 ας,
1499 3751 1623 3824 Solum
1655 3753 1889 3844 praeteritum
1917 3753 2114 3844 perlectum
2137 3753 2364 3848 participium

1378 3866 1529 3944 augetur
1544 3853 1641 3924 iuxta
1658 3855 1758 3923 verbi
1776 3855 1831 3925 sui
1846 3866 2091 3946 augmentum.
2144 3854 2304 3951 Reliqua
2328 3867 2365 3926 ut

1379 3955 1510 4025 aorista
1527 3978 1756 4050 nequaquam
1773 3970 1960 4048 augentur.

1663 4043 1682 4118 ὃ
1695 4052 1833 4119 τύπτον
1875 4053 1934 4120 τού
1947 4053 2133 4126 τύπτοντας
2146 4057 2248 4138 quint.
2261 4057 2363 4140 simpl.

1662 4147 1681 4240 'l
1694 4155 1869 4221 τύπτουσα
1881 4157 1939 4240 τῆς
1950 4156 2218 4242 consolidasset.
2233 4161 2340 4242 simpl.

1660 4256 1700 4324 sd
1711 4257 1840 4324 τύπτον
1878 4257 1939 4323 τού
1949 4257 2135 4332 τύπτοντας
2148 4260 2251 4344 quint.
2263 4261 2363 4344 simpl

1660 4353 1679 4424 ὅ
1694 4359 1852 4454 τετοφούς.
1880 4359 1941 4426 τοῦ
1952 4360 2134 4445 τοτοφύτοτ
2144 4365 2247 4446 quint.
2261 4364 2364 4448 simpl.

1658 4455 1677 4550 ἦ
1690 4464 1855 4546 τοτοφοῖα
1882 4463 1939 4548 τῆς
1949 4466 2132 4548 scrupolose
2142 4485 2211 4532 sao.
2224 4467 2329 4551 simpl.

1655 4563 1850 4649 τότετοφύς
1877 4565 1938 4632 τοῦ
1949 4566 2133 4656 τετοφὸτος
2146 4569 2248 4654 quint.
2260 4570 2362 4650 simpl.

1659 4657 1812 4754 ἀτύψιον
1878 4668 1939 4732 τού
1953 4667 2123 4754 τύψοντος
2137 4681 2207 4753 qut.
2216 4671 2361 4755 simpla)

1377 4769 1640 4853 Part.Fut.l.*⁷)
1658 4761 1848 4857 ἢτύψοοσα
1875 4771 1932 4854 τῆς
1944 4769 2119 4859 τνψούσρς
2131 4791 2200 4838 soc.
2216 4775 2323 4856 sinpl.

1398 4155 1488 4220 Part.
1511 4175 1621 4238 prees.

1377 4462 1467 4527 Part.
1479 4457 1616 4550 portu)

1657 4871 1696 4936 τὸ
1707 4871 1820 4958 τύψον
1875 4871 1936 4939 τού
1949 4873 2234 4960 τύψοντοςφαίοι.
2248 4875 2350 4958 simpl.
2432 4877 2433 4928 ξ

336 4978 424 5047 pore
439 4955 485 5024 sit
501 4949 755 5046 praeteritum,
782 4960 823 5019 ut
836 4951 866 5020 si
882 4951 1018 5035 dicam,
1045 4951 1145 5043 aperi
1161 4977 1258 5024 nunc
1274 4947 1324 5022 ia-
1377 4963 1486 5010 -.4
1506 5003 1512 5009 .

335 5079 469 5138 nuam,
492 5068 533 5125 ut
549 5054 705 5126 crastino
724 5053 770 5124 sit
786 5065 923 5144 aperta.
975 5053 1071 5124 llaec
1086 5054 1158 5125 ille.

337 5210 543 5228 *un—-

371 5287 421 5348 aa]
438 5283 587 5370 πιπροχα,
609 5283 793 5356 λπιπρύχιιν]
811 5289 861 5343 Ed
879 5287 955 5342 ¹688.
974 5289 1061 5341 nale:
1084 5285 1235 5359 πλφροχο,
1258 5287 1325 5346 λοι·

371 5370 565 5510 Ηλφῗλάλλλοο
579 5469 615 5482 -
631 5445 826 5508 praeteritum]
844 5444 886 5496 slo
904 5443 1215 5510 rust.taar-1aaa.;
1238 5447 1323 5500 nette.

407 5512 599 5568 tua-lm.
615 5513 740 5568 sarlaten
759 5515 804 5566 vel
820 5513 943 5566 toturn
964 5516 1009 5567 est
1027 5515 1072 5566 val
1089 5515 1278 5578 praeteritura.

1410 5061 1459 5118 ⁴5)
1478 5056 1582 5126 uum]
1602 5059 1629 5109 ln
1647 5057 1936 5111 salamana-1641.
1955 5059 2043 5111 dean.

1411 5144 1461 5212 46)
1479 5145 1570 5208 Pert]
1590 5143 1632 5196 stc
1648 5145 1737 5196 istnc
1755 5144 1874 5211 scrlpsl,
1893 5148 1924 5197 ut
1939 5148 1992 5198 acc
2008 5157 2109 5198 nonen
2132 5148 2311 5211 μοοοοιοοιι
2334 5151 2359 5198 et
2431 5119 2432 5132 λ

1445 5213 1624 5278 subsequenti
1639 5213 1688 5264 lat.
1708 5216 1858 5280 mugram
1881 5216 1966 5267 rute
1983 5217 2084 5269 tabent
2095 5227 2241 5282 graman:
2260 5231 2357 5284 nepes.

1430 5297 1470 5336 .s.
1489 5295 1582 5346 perso.
1722 5309 1724 5317 .

1410 5366 1459 5432 47)
1479 5365 1555 5422 rm.
1574 5367 1636 5418 unt.
1657 5369 1680 5418 t.
1698 5367 1740 5429 2.]
1763 5368 1850 5420 Mitt.
1871 5369 2062 5422 tan-lut.
2088 5371 2149 5424 Fut
2169 5371 2266 5439 palm,
2291 5385 2358 5436 sec.;

1445 5434 1531 5490 sust.
1548 5435 1623 5488 1542.
1640 5450 1716 5500 sqq:
1733 5437 1809 5490 Part.
1825 5433 1904 5504 μέλλ.
1923 5435 1976 5506 ο’.,
1995 5441 2021 5507 β.

1410 5519 1459 5588 ιο)
1477 5519 1581 5589 ampl]
1600 5522 1625 5574 ιι.
1645 5525 1664 5575 ι.
1684 5525 1713 5574 οι
1729 5524 1758 5574 ιιι
1776 5526 1904 5590 mmeqq.
1920 5527 1956 5578 sa
1974 5525 2160 5596 relatore,
2179 5529 2256 5582 ιιιι.
2274 5527 2357 5580 nuc
