4910 5964
324 267 397 345 en
464 303 466 306 -
617 291 623 303 ·
821 280 826 295 ·
945 263 1070 340 anu.
1095 263 1210 346 usn.
1237 261 1442 338 scauri
1465 259 1742 338 nrsroarns..
1985 368 1988 378 μ
2283 260 2362 342 ese

321 456 397 512 tur:
433 452 556 530 tamen
579 449 614 506 et
627 437 706 506 Deo
731 425 1074 531 obtemperandum,
1100 451 1137 509 et
1157 438 1313 532 patriam
1468 435 1655 528 Principio
1669 459 1776 522 vero,
1803 437 1901 530 quod
1917 425 2059 528 Regum
2074 437 2362 528 sapientissimus

321 551 397 614 bon
414 540 678 612 destituendam
695 565 769 612 esse
788 543 965 613 censebat.
1365 538 1540 609 Salomon
1564 562 1677 609 unum
1705 539 1872 632 optabat,
1905 538 1943 606 id
1966 539 2215 635 ipse-quoque
2244 551 2361 631 optat,

422 643 625 736 Respondit
646 655 782 714 autem
812 644 938 735 legatis
967 667 1032 735 per
1061 642 1309 715 Mercurinum
1365 665 1446 712 curn
1462 637 1622 711 bumana
1638 641 1813 733 sapientia
1834 665 1910 712 uon
1932 641 1979 714 sit
2000 663 2067 733 par
2093 655 2215 712 tantae
2230 645 2363 734 guber·

319 749 534 826 Oratorem
575 743 660 816 huie
684 746 779 816 enim
803 755 943 818 surnma
975 747 1054 817 laus
1082 745 1312 842 eloquentiae
1365 743 1525 827 nationi,
1552 755 1593 814 ut
1609 741 1707 814 Deus
1723 757 1846 837 pectus
1864 757 1900 814 et
1916 745 2065 818 consilia
2082 745 2196 836 ipsius
2214 745 2253 814 in
2274 757 2362 835 toga

318 851 556 938 tribpebatur.
622 847 718 920 Usus
748 861 800 920 est
826 849 937 939 igitur
958 847 1185 921 Mercurinus
1214 850 1314 920 lu'cu·
1365 859 1400 916 et
1426 847 1466 915 in
1490 846 1601 916 armis
1621 859 1742 941 regat,
1772 871 1817 918 ac
1838 847 2017 941 perficiat,
2057 860 2099 917 ut
2118 846 2299 921 Ecclesiae
2324 859 2362 916 et

318 952 611 1041 l'entmora'tioqe,
632 964 740 1045 atquc
756 947 965 1024 huiusmodi
980 953 1089 1023 verba
1105 953 1206 1024 fecit:
1233 951 1313 1022 lure
1365 948 1433 1019 toti
1450 949 1574 1040 generi
1585 939 1746 1021 humano
1761 943 1850 1020 haec
1865 950 1980 1043 ipsius¹
1992 950 2206 1048 gubernatio
2219 951 2361 1026 seluta-

317 1057 475 1128 laetatnr
498 1055 580 1139 Rex,
600 1053 771 1138 Carolus,
816 1080 898 1126 cum
922 1056 1195 1140 benevolentia,
1234 1067 1313 1126 tum
1364 1051 1414 1122 ris
1431 1051 1493 1131 sit,
1541 1049 1973 1137 MeminitRexCarolus‚
2000 1043 2362 1148 exhacipsailispa·

317 1165 406 1230 v‘ero
434 1158 543 1228 fflam
578 1156 789 1248 gravissimo
820 1157 954 1228 iudicio
986 1158 1119 1230 summi
1149 1159 1313 1242 Senatus,
1364 1153 1425 1234 uia
1458 1155 1548 1226 duos
1579 1153 1760 1246 principes
1791 1157 1838 1227 ad
1866 1152 2064 1252 Imperium
2094 1170 2250 1252 vocatos,
2272 1181 2361 1240 esse,

318 1261 536 1334 Gerrnmiae
551 1259 785 1351 Principum,
819 1260 882 1354 qui
904 1273 979 1333 tam
1002 1261 1313 1353 dubiortempore,
1364 1255 1564 1332 Traianum
1585 1249 1895 1358 etThcodosium,
1920 1282 2077 1358 quorum
2094 1259 2184 1339 alter
2201 1259 2360 1354 optimus
2451 1351 2452 1358 ἵ

315 1363 464 1458 imperii
484 1364 782 1454 gubernationem
806 1359 882 1454 ipsi
896 1365 980 1448 uni,
1020 1377 1313 1435 tutocommen·
1365 1359 1565 1457 appellatus
1582 1370 1653 1444 est,
1681 1360 1772 1452 alter
1788 1385 1862 1440 uon
1876 1361 1992 1442 solum
2006 1362 2224 1450 benitateet
2247 1361 2360 1437 armis
2451 1375 2452 1450 Τ

289 1467 399 1544 ,dari
415 1477 641 1537 censuerunt.
692 1464 790 1558 Quid
807 1466 902 1535 enim
926 1480 989 1538 aut
1009 1467 1145 1555 gratius
1166 1462 1313 1536 ei'acci-
1364 1460 1527 1532 Traiano
1542 1486 1610 1556 par
1627 1459 1712 1548 fuit,
1738 1464 1802 1534 sed
1828 1464 1937 1535 etiam
1961 1451 2159 1565 baculaude
2183 1466 2361 1550 excelluit,

317 1573 403 1642 dere
427 1581 564 1662 potest,
593 1591 715 1663 quarn
742 1570 843 1663 qrrod
870 1571 914 1639 ab
936 1569 1103 1641 universa
1129 1568 1245 1662 patria
1275 1592 1312 1639 se
1364 1567 1463 1660 quod
1482 1588 1564 1636 vere
1578 1561 1695 1636 Deum
1720 1565 1848 1652 coluit,
1882 1591 1923 1638 ac
1943 1569 2109 1664 perfecit,
2139 1567 2361 1660 utEvange-
2451 1597 2452 1602 ¹

318 1697 402 1745 vere
421 1672 537 1742 amari
559 1669 751 1762 intelligit?
777 1684 840 1743 aut
856 1667 1175 1756 honorificentius,
1201 1695 1311 1766 quam
1364 1667 1457 1744 lium
1474 1667 1587 1746 latius
1611 1683 1874 1769 propagaretur
1883 1675 1899 1756 ,'
1924 1671 2214 1769 ct,copcordism
2237 1669 2361 1742 Eccle-
2451 1669 2452 1686 ³

318 1777 417 1872 quud
434 1773 688 1867 sapientissimi
702 1772 889 1866 Principes
902 1783 1040 1844 tantam
1056 1776 1127 1867 ipsi
1141 1774 1311 1845 virtutem
1364 1771 1437 1842 siae
1457 1771 1536 1862 pie,
1562 1767 1750 1862 diremptis
1772 1772 1948 1860 dissidiis,
1978 1769 2200 1872 constituic‘,
2213 1773 2265 1866 Hi
2286 1775 2360 1848 duo

283 1905 291 1922 ¹
317 1879 502 1960 tribuunt,
528 1883 579 1945 ·et
612 1878 717 1968 quasi
750 1876 972 1960 divinantes,
1020 1902 1102 1946 eam
1134 1900 1235 1968 spem
1261 1878 1312 1946 de
1364 1871 1552 1964 Principes
1569 1898 1612 1944 ex
1627 1871 1802 1966 Hispania
1820 1877 2242 1976 evocati,;,curanucrint
2266 1879 2361 1948 salua

317 1981 565 2074 ipsiusfidetet
585 1977 752 2048 felicitate
775 1993 1034 2072 conceperunt,
1067 1980 1250 2051 neminem
1272 1989 1314 2050 nt
1363 1987 1459 2076 teres
1488 1976 1569 2045 orbi
1599 1990 1797 2076 terrarum:
1837 1979 1997 2066 laetatur
2022 1980 2154 2076 omine.
2194 1977 2359 2075 ¹[Iliorum

318 2087 366 2154 ad
378 2081 456 2154 ¹hoc
477 2079 625 2172 imperii
642 2080 845 2172 fastigium,
871 2101 980 2177 msam
998 2083 1135 2175 ipsum,
1161 2077 1311 2153 evehe're
1364 2078 1524 2178 exempla
1541 2078 1610 2149 sibi
1628 2093 1828 2176 proponet,
1855 2094 1891 2150 et
1904 2073 2137 2184 annumerari
2156 2082 2360 2182 laudatissi-

316 2183 537 2260 maluerint?
589 2181 753 2256 Vicissim
779 2185 890 2276 igitur
912 2198 948 2254 et
968 2187 1106 2278 patriae
1130 2187 1311 2276 pietatem,
1362 2179 1432 2268 mis
1456 2175 1874 2285 imperatoribunvolet.
1922 2174 2086 2286 'Suppmq
2106 2174 2222 2284 viqtqs
2247 2186 2360 2259 maie-

317 2303 354 2360 et
369 2288 535 2380 cognatis
545 2285 775 2378 Principibus
791 2288 1085 2359 benevolentiam
1099 2301 1311 2382 perpetuam
1363 2307 1443 2379 rurn
1467 2283 1536 2356 fuit
1560 2283 1598 2355 in
1621 2297 1774 2386 utpaque
1791 2277 1949 2377 familia,
1974 2275 2161 2382 Austriaca
2178 2287 2361 2383 etflispa·

316 2393 519 2486 pollicetur.
572 2387 843 2462 Deliberanteru
864 2393 1053 2480 autemide
1072 2389 1230 2484 Imperio
1255 2409 1313 2460 ac*
1363 2385 1462 2492 nipe,
1512 2385 1653 2490 Hapum
1678 2376 1885 2488 similitpqq
1900 2390 1945 2479 in¹
1959 2373 2021 2473 lie'
2040 2417 2069 2463 rs
2084 2391 2206 2486 Caroli
2228 2378 2361 2462 natura
2451 2447 2452 2472 ,

317 2493 496 2586 sipiendo„
515 2493 677 2564 diversae
707 2517 814 2563 curae
842 2494 906 2562 diu
930 2505 1176 2564 exercuerunt.
1234 2489 1313 2563 Etsi
1364 2501 1399 2558 et
1416 2488 1537 2594 indole
1555 2471 1958 2591 iamlpraeclarefyc'jc'ff
1981 2417 2214 2590 ,Gumitatur
2238 2508 2360 2566 autem

317 2598 413 2668 enim
438 2595 793 2688 magnianimiest,
823 2603 909 2666 non
927 2595 1228 2670 ¹deterrerimole
1256 2591 1312 2664 re·
1362 2590 1512 2689 felicitas
1527 2601 1607 2660 ctrm
1627 2603 1784 2664 caeteras
1806 2582 1976 2684 virtutes,
1994 2610 2087 2687 ¹turn
2112 2621 2199 2682 vern
2218 2598 2362 2694 praeci·
2451 2607 2452 2616 ’

244 2719 246 2727 ⁴
316 2725 419 2784 rum,
451 2697 757 2788 etmaguitudine
774 2698 1039 2789 periculorum,
1072 2723 1165 2792 quae
1188 2699 1313 2768 videnss
1362 2718 1434 2797 pue
1455 2693 1627 2798 pietatem
1651 2717 1734 2796 erga
1757 2683 1909 2792 Deum„
1929 2683 2359 2797 qpaeqyirs'Rege'Gar-olo

317 2817 379 2874 tuo
407 2803 615 2892 impendere
647 2801 803 2870 intuenti
832 2799 1120 2884 maritalium,
1168 2823 1311 2897 quaes
1364 2797 1508 2900 eminet.
1560 2795 1682 2899 Quare
1693 2791 1777 2900 *spes
1794 2811 1846 2869 est
1864 2799 1939 2897 cius
1958 2802 2261 2902 gpbepnatiopero
2282 2805 2361 2874 fau-

316 2905 431 2977 Gallis
448 2909 611 2987 tenetur,
638 2927 733 2972 nunc
747 2902 887 2973 Turcas
904 2903 1158 2976 denuntiantes
1176 2903 1310 2985 bellum
1363 2912 1476 2986 stam,
1515 2897 1655 2971 felicem
1680 2911 1715 2972 et
1737 2901 1935 2996 salutarem
1951 2906 2361 3004 fpremqpiterrarmu:

314 3005 534 3080 Pannoniis:
561 3018 684 3074 tamen
700 3029 782 3074 curn
800 3029 883 3076 vere
895 3005 942 3076 sit
955 3005 1078 3078 divina
1104 3031 1160 3076 res
1184 3007 1312 3098 guber,
1363 3013 1399 3070 et
1415 3014 1455 3071 ut
1469 3003 1533 3096 sit,
1560 3027 1685 3076 omncs
1701 3001 1788 3076 boni
1804 3017 1881 3089 toto
1893 3021 2044 3102 pectore
2060 3021 2147 3104 vota
2162 3009 2282 3084 facere
2292 3011 2361 3080 de·

315 3111 438 3193 natio,
472 3129 538 3178 nec
558 3107 628 3178 ni'si
652 3107 834 3200 aspirante
849 3108 950 3192 Deo,
983 3109 1068 3178 felix
1091 3133 1164 3180 esse
1187 3108 1312 3200 possit,
1362 3103 1459 3176 bent.
1513 3103 1573 3174 'I'u
1598 3129 1705 3188 vero,
1737 3103 1824 3183 Dux
1835 3106 2039 3209 Fritierire,
2062 3112 2139 3207 pitu,
2166 3100 2361 3206 etprinci-

315 3223 507 3283 contanter
538 3222 574 3280 et
600 3209 765 3302 religiose
795 3208 950 3304 Imperia
969 3211 1186 3304 accipienda
1217 3223 1311 3282 sunt.
1362 3205 1705 3303 pibusElectoribus
1722 3208 1854 3300 gratias
1871 3214 1997 3309 agito,
2015 3239 2172 3311 quprum
2188 3215 2361 3306 cognovit
2451 3207 2452 3292 i

315 3315 415 3386 llaec
428 3315 536 3384 etiam
552 3312 749 3405 Hispania,
783 3314 848 3384 etsi
873 3314 966 3385 vires
990 3339 1089 3398 suas,
1117 3339 1210 3410 quae
1234 3335 1310 3384 non
1362 3309 1530 3380 eximiam
1548 3335 1629 3402 erga
1648 3338 1685 3384 se
1702 3313 1989 3407 benevolentiam
2007 3343 2102 3407 esse3
2130 3317 2360 3407 acvplunta-
2451 3327 2452 3356 ¹

316 3430 402 3492 sunt
423 3419 592 3508 exiguae,
606 3478 610 3488 .
624 3418 670 3486 ad
693 3416 899 3490 societatem
923 3407 1045 3490 rerum
1069 3419 1308 3510 gerendarum
1361 3423 1413 3483 tes
1436 3438 1561 3483 corcrm
1585 3418 1881 3501 confirmato,set
1903 3417 2158 3514 bnperatorem
2174 3419 2358 3503 ‚Carolum

273 3594 278 3602 ,
316 3523 440 3594 offert:
466 3533 590 3590 tamen
604 3520 723 3612 ipsum
736 3518 873 3614 Regem
892 3520 1012 3606 densi,
1047 3521 1147 3592 velut
1168 3519 1208 3589 in
1229 3543 1309 3611 spe·
1361 3524 1482 3608 petere
1497 3515 1628 3607 dicito,
1654 3516 1784 3620 utipsi
1806 3533 1980 3617 tanquam
2004 3525 2168 3621 custpdes
2190 3522 2384 3618 publicae
2451 3509 2452 3528 ¹

315 3627 394 3697 oula
410 3623 532 3716 regni,
559 3625 742 3695 assiduum
755 3647 829 3696 esse
847 3625 981 3694 mallet.
1039 3623 1144 3694 Sede
1161 3622 1309 3715 regions
1360 3618 1476 3711 pacis,
1509 3644 1573 3692 sua
1594 3621 1684 3709 fide,
1719 3627 1932 3712 concordia,
1958 3628 2111 3712 virtute,
2138 3627 2358 3702 Germaniae
2451 3685 2452 3704 ,

314 3731 447 3799 durum
468 3723 677 3810 videbatur,
700 3727 983 3819 patriaeopem
1009 3727 1054 3794 ab
1077 3727 1156 3818 ipso
1179 3726 1310 3816 implo-
1360 3721 1657 3817 tranquillitatem
1696 3739 1889 3816 tueantur,
1922 3730 2049 3809 ,donec
2080 3717 2284 3822 imperator
2318 3729 2359 3800 in
2451 3709 2452 3796 i

313 3829 411 3901 tanti
445 3830 578 3899 deesse.
647 3827 765 3900 Merit
792 3829 901 3898 etiam
929 3827 1091 3900 animum
1121 3827 1308 3920 gentilium
1361 3823 1595 3896 Germaniam
1612 3827 1751 3913 veniet,
1777 3830 2003 3928 quiquidem
2022 3833 2217 3903 adventum
2240 3846 2357 3925 pratu-

314 3935 442 4013 decus,
471 3942 579 4025 atque
598 3925 791 4002 honestum
815 3955 890 4002 esse
906 3930 1060 4014 iudicat,
1087 3929 1146 4000 avi
1164 3943 1200 4002 et
1220 3953 1309 4022 pro·
1360 3943 1443 3996 tare
1460 3929 1743 4023 quamprimum
1761 3933 1931 4006 decrevit.
2103 3931 2106 3947 '

315 4035 375 4105 avi
399 4033 566 4123 exempla·
586 4033 699 4126 sequi.
756 4031 804 4102 Et
828 4057 910 4104 cum
932 4053 1028 4114 'avos'
1049 4033 1223 4126 collapsas
1253 4055 1309 4104 res
1438 4027 1562 4128 ‘llaec
1589 4055 1669 4102 cum
1692 4031 1919 4108 Mercurinus
1945 4034 2110 4121 dixisset,
2148 4047 2225 4106 tota
2257 4036 2357 4107 turia

313 4159 438 4210 rursus
468 4135 644 4220 erexerit,
685 4156 839 4231 cumque
873 4131 958 4207 huic
987 4136 1146 4206 familiae
1171 4135 1308 4229 potitae
1359 4131 1517 4204 laetitiae
1539 4133 1664 4230 plena,
1691 4139 1766 4231 regi
1784 4137 1918 4210 Carolo
1941 4151 1977 4210 et
1997 4134 2213 4234 Imperatori
2232 4140 2358 4210 omnia

313 4236 385 4311 hoc
402 4237 567 4331 fastigio,
596 4249 717 4312 tantae
740 4238 953 4312 accesserint
974 4263 1078 4331 opes:
1112 4239 1309 4310 arbitratur
1359 4236 1475 4306 fausta
1505 4239 1732 4331 precabatur.
1792 4239 1921 4314 Postea
1949 4243 2102 4335 scriptae
2124 4254 2208 4314 suut
2231 4242 2359 4313 literae

313 4340 487 4413 divinitus
508 4338 603 4412 banc
623 4341 798 4414 familiam
820 4344 866 4412 ad
887 4339 1034 4433 imerii
1062 4341 1307 4413 defensionem
1361 4335 1631 4426 adnecteres,
1665 4343 1703 4413 in
1732 4345 1862 4440 quibus
1884 4343 1963 4417 Rex
1984 4370 2021 4417 se
2041 4344 2238 4440 imperium
2259 4371 2359 4416 acce-

314 4444 451 4515 vucari.
512 4442 702 4517 Postremo
732 4447 840 4518 etiam
872 4443 1076 4539 principum
1099 4443 1307 4516 Electorum
1360 4441 1452 4535 pisse
1476 4447 1687 4534 profitetur,
1721 4459 1757 4516 et
1781 4449 1825 4518 de
1848 4447 2100 4521 constituendo
2124 4462 2218 4523 statu
2240 4447 2360 4542 lmpe-

314 4546 410 4620 votis
426 4557 461 4616 et
477 4545 611 4617 iudicio
628 4561 880 4639 permovetur,
910 4560 1041 4618 utrem
1058 4549 1223 4620 omnium
1240 4549 1308 4620 du·
1360 4541 1425 4628 rii,
1459 4543 1551 4617 nihil
1573 4547 1651 4620 sine
1673 4545 1822 4638 consilio
1841 4547 2048 4623 Electorum
2075 4553 2254 4624 facturum
2282 4577 2358 4624 esse

313 4651 530 4734 licillimim,
578 4645 724 4742 Imperii
758 4650 1077 4742 gubernationem,
1128 4652 1307 4745 suscipere
1359 4649 1559 4740 profitetur.
1590 4651 1860 4725 Commemorat
1873 4653 1941 4726 sibi
1956 4655 2245 4726 benevolentiam
2261 4656 2360 4749 ipso-

312 4756 432 4825 minus
447 4764 598 4824 recuset.
1359 4773 1439 4819 rum
1472 4751 1766 4827 iucundissimam
1801 4781 1896 4842 esse,
1927 4771 1964 4828 et
1993 4759 2196 4830 voluntates
2229 4783 2359 4830 eorum

415 4855 510 4926 'l'arn
537 4854 673 4926 multae
694 4875 819 4944 graves
850 4879 978 4926 causae
1006 4878 1089 4927 cum
1117 4880 1307 4928 concurre·
1359 4854 1559 4930 confirmat.
1611 4858 1800 4930 Postremo
1820 4861 2011 4954 pollicetur
2026 4863 2134 4932 etiam
2150 4862 2252 4934 brevi
2267 4888 2304 4934 se
2318 4863 2360 4932 in
2451 4895 2452 4952 p

252 4981 266 4989 ·
313 4970 411 5038 rents
447 4983 602 5054 cumque
625 4956 798 5028 divinitus
820 4981 857 5028 se
880 4957 1003 5028 vocari
1032 4959 1078 5028 ad
1097 4955 1307 5052 imperium,
1358 4956 1592 5031 Germaniam
1618 4975 1810 5034 venturum
1835 4988 1921 5035 esse.
1984 4961 2036 5036 Ut
2062 4965 2171 5057 igitur
2195 4965 2360 5038 sollicitis

210 5153 213 5160 .
313 5059 453 5154 patriae
471 5085 654 5135 consensu
673 5071 861 5160 statuente
901 5062 1067 5146 tandem,
1099 5065 1199 5158 quod
1222 5064 1307 5136 felix
1357 5057 1583 5137 Electoribus
1606 5065 1875 5160 quamprimum
1901 5065 2070 5141 voluntas
2091 5067 2214 5139 Caroli
2239 5067 2359 5161 Impe-

312 5163 546 5257 laustumque·
565 5163 631 5248 sit,
662 5157 857 5256 Imperium
885 5163 1045 5256 accipere
1061 5163 1140 5236 ilex
1155 5164 1306 5242 Carolus
1356 5166 1489 5238 catoris
1512 5167 1795 5261 significaretur,
1835 5167 2040 5243 Fridcricus
2061 5157 2250 5245 Palatinus
2279 5197 2359 5242 am-

313 5264 492 5349 decrevit,
518 5262 661 5336 ethanc
684 5267 907 5339 voluntatem
931 5291 1056 5351 suam,
1082 5265 1166 5340 Dux
1181 5267 1306 5342 Fride·
1357 5268 1526 5362 piissimis
1545 5271 1754 5346 muneribus
1770 5287 1940 5357 ornatus,
1966 5274 2087 5346 statim
2105 5274 2273 5347 dimissus
2291 5289 2360 5349 est.

313 5367 406 5453 rice,
431 5379 509 5438 ate
532 5367 920 5460 expouiElcctoribua,
953 5384 988 5443 et
1011 5371 1164 5463 perferri
1189 5372 1228 5444 in
1250 5386 1306 5445 tn-
1461 5372 1593 5446 Caesar
1617 5387 1738 5448 autern
1763 5375 1869 5446 initio
1898 5377 1993 5449 veris
2022 5401 2069 5448 ex
2087 5375 2262 5470 llispauia
2284 5380 2359 5450 sol·

313 5482 388 5542 tam
406 5469 640 5544 Germaniam
656 5471 825 5564 postulat.
1358 5499 1444 5548 vens
1459 5477 1601 5550 traiecit
1613 5477 1851 5573 inAngliam,
1872 5479 1970 5552 nbis
1985 5479 2084 5575 llege
2092 5479 2358 5556 ilenricolflll.
