4920 5956
313 191 390 270 707
542 223 545 232 ·
584 214 586 223 ·
837 192 962 270 ruffi.
987 191 1103 269 MEIa.
1128 189 1332 266 SCRIPTA
1357 187 1490 264 VAllll
1513 187 1820 268 ARGUMENTI.
2273 191 2346 270 708

316 389 426 462 opera
450 366 650 461 imputatur
674 367 822 440 institia.
872 365 931 440 'l'u
956 369 1034 461 lege
1057 366 1204 439 Galatas
1229 366 1309 436 dili-
1359 364 1544 437 iustificari
1568 362 1666 452 sola,
1691 378 1820 459 putare
1837 367 1982 458 vulgus,
2008 367 2235 440 credentibus
2248 367 2349 462 quid·
2432 433 2433 460 ,

316 483 459 564 genter,
486 483 521 542 et
544 471 782 567 caputXad
797 470 996 558 Romanos,
1022 470 1108 541 item
1126 482 1309 567 quartum.
1360 468 1414 539 vis
1436 469 1562 557 licere,
1605 469 1690 565 quia
1712 471 1820 540 fidem
1843 470 1951 562 vulgo
1973 493 2048 541 non
2072 494 2140 567 pro
2162 472 2291 542 fiducia
2313 472 2349 544 in
2432 509 2433 540 3

317 573 443 665 Cogita
466 576 562 667 apud
582 588 638 661 te,
664 577 848 669 quomodo
867 574 915 646 sis
935 572 1189 646 conscientiam
1210 585 1310 643 tran·
1360 567 1499 656 Deum,
1538 573 1600 643 scd
1631 595 1700 664 pro
1728 566 1898 661 historica
1923 585 2064 646 tantum
2087 575 2292 667 cognitione
2313 575 2350 644 in
2432 567 2433 644 ἶ

316 675 531 770 quillaturus
555 701 621 771 per
643 677 763 750 fidem.
822 675 882 748 Sic
902 677 1038 749 Paulus
1060 675 1180 770 inquit
1200 673 1309 746 Rom.
1360 672 1440 745 Deo
1462 673 1618 746 solemus
1639 699 1835 768 usurpare,
1868 675 1976 771 idque
1999 677 2211 769 perniciose.
2279 677 2351 748 Ubi

315 776 374 850 IX.
387 775 570 851 lustilicati
590 778 702 872 igitur
717 803 760 851 ex
774 780 864 864 fide,
890 803 1015 874 pacem
1036 775 1211 850 habemus
1225 799 1308 870 erga
1363 789 1483 848 tamen
1512 777 1589 870 ipse
1615 779 1762 870 proprie
1790 777 1878 874 quid
1897 779 1943 852 sit
1960 780 2069 864 fides,
2103 805 2147 852 ex
2173 781 2350 852 canonicis

314 882 436 954 deum.
1362 879 1547 974 scripturis
1569 880 1762 967 diducens,
1787 881 1923 974 poteris
1945 883 1990 953 de
2007 883 2197 954 doctorum
2213 883 2350 976 scriptis

417 981 573 1055 Videbat
592 984 834 1080 Augustinus,
866 997 1007 1082 tantum
1028 985 1135 1055 lidem
1160 981 1311 1078 requiri,
1361 982 1520 1055 iudicare
1541 983 1675 1056 sanius.
1708 982 1837 1056 lvide.
1862 983 1898 1056 d.
1919 997 2027 1078 caput
2046 982 2147 1059 loun.
2205 983 2262 1056 De
2285 987 2350 1056 lide

316 1078 386 1155 hoc
410 1099 481 1173 est,
506 1083 715 1159 historicam
739 1089 999 1160 confessionem
1023 1088 1068 1162 de
1085 1083 1249 1170 Christo,
1275 1098 1312 1157 et
1362 1081 1525 1158 Christus
1554 1086 1631 1180 ipse
1662 1087 1909 1159 concionatur.
1972 1088 2113 1174 Porro,
2146 1091 2247 1184 quod
2268 1089 2349 1160 alias

317 1210 393 1258 non
408 1189 590 1284 explorari
604 1214 730 1262 eorum
745 1193 871 1276 vitam,
886 1192 949 1286 qui
963 1216 1006 1263 ex
1018 1189 1310 1274 animocredant,
1363 1189 1471 1258 etiam
1497 1213 1606 1282 opera
1631 1190 1827 1283 praecipit,
1857 1191 1969 1275 bene,
1995 1193 2056 1262 sed
2079 1215 2120 1261 ea
2136 1191 2207 1263 nisi
2225 1192 2263 1262 in
2281 1216 2351 1262 cre-

317 1313 455 1364 necne.
507 1291 602 1366 Nam
616 1293 676 1364 illa
690 1291 860 1366 historica
882 1291 1117 1388 confession)
1137 1304 1188 1364 est
1202 1291 1311 1363 simu·
1363 1293 1469 1362 dente
1491 1311 1567 1363 non
1589 1293 1693 1363 liunt.
1744 1293 1910 1363 Breviter
1924 1289 1981 1385 ¹⁵).
2041 1291 2215 1364 Doctrina
2236 1293 2351 1365 Evan-

318 1393 406 1465 latio
430 1394 507 1466 sine
533 1396 662 1467 fiducia
689 1398 726 1467 in
754 1397 872 1469 corde.
936 1395 983 1468 Et
1004 1395 1209 1491 ubicunque
1235 1419 1327 1466 nou,
1363 1395 1446 1488 gelli
1478 1396 1523 1465 de
1556 1395 1644 1481 lide,
1677 1407 1731 1466 est
1764 1396 2062 1468 conscientiarum
2096 1398 2295 1470 consolatio
2322 1408 2352 1466 et

318 1509 402 1568 sunt
423 1496 518 1567 bona
540 1523 669 1591 opera,
694 1512 789 1570 certe
805 1500 857 1570 ibi
872 1523 948 1570 non
965 1511 1018 1572 est
1034 1501 1141 1584 fides,
1166 1499 1228 1570 sed
1245 1498 1312 1568 im·
1363 1498 1600 1570 confirmatio.
1641 1497 1749 1592 Quod
1765 1500 1796 1570 si
1813 1523 1856 1568 eo
1869 1500 2079 1592 respexeris,
2105 1500 2212 1570 lidem
2226 1499 2352 1570 intelli·

316 1598 443 1700 pietas.
499 1597 612 1688 Vide,
636 1603 724 1698 quid
738 1602 959 1695 Augustinus
980 1601 1076 1673 dicat
1095 1603 1134 1671 in
1154 1602 1248 1671 libro
1267 1602 1311 1671 de
1364 1623 1434 1693 ges.
1492 1599 1563 1672 Sed
1590 1610 1667 1670 non
1699 1602 1817 1672 scribo
1841 1602 2163 1688 commentarium,
2196 1602 2352 1675 fortassis

316 1703 387 1774 lide
410 1716 445 1775 et
467 1705 647 1797 operibus.
698 1705 777 1780 Nisi
789 1707 981 1799 praecedat
995 1706 1100 1790 fides,
1125 1705 1221 1776 bona
1236 1704 1310 1773 vita
1362 1700 1452 1774 haec
1475 1703 1554 1796 ipsa
1575 1703 1678 1774 brevi
1697 1705 1911 1798 locupletius
1930 1717 2086 1778 actumrs.
2138 1705 2199 1778 'I'n
2220 1707 2299 1798 lege
2315 1705 2353 1774 li-
2432 1763 2433 1766 ,

318 1807 421 1900 sequi
444 1829 521 1878 non
543 1810 688 1902 poterit.
738 1796 921 1905 Quicquid
945 1809 1041 1879 enim
1065 1804 1177 1878 homo
1200 1805 1313 1878 veluti
1363 1808 1469 1878 brum
1493 1807 1537 1876 de
1558 1805 1724 1877 libertate
1751 1803 1945 1880 christiana
1967 1804 2138 1893 Lutheri,
2170 1821 2207 1880 et
2226 1831 2274 1880 ne
2294 1831 2352 1900 pa·

317 1920 455 1980 rectum
474 1910 617 1995 lecerit,
647 1911 719 1982 nisi
737 1913 785 1982 ad
797 1912 990 2005 pietatem,
1017 1934 1109 2007 quae
1131 1913 1177 1982 ad
1193 1907 1311 1980 Deum
1364 1909 1455 1980 tiore
1477 1920 1514 1979 te
1536 1909 1677 1980 avellis
1694 1911 1859 1981 doctrina
1874 1911 2000 1983 crucis.
2051 1911 2132 1982 Scio
2150 1910 2263 1982 rideri
2277 1933 2351 1980 eam

189 2015 192 2021 ’
319 2011 515 2099 referatur,
541 2025 678 2084 rectum
701 2014 773 2084 dici
795 2039 871 2084 non
889 2025 1019 2108 potest.
1069 2013 1162 2086 Ecce
1177 2014 1311 2084 bonam
1365 2007 1597 2102 aSophistis;
1629 2012 1690 2084 sed
1711 2025 1751 2085 tu
1773 2013 1863 2086 scias
1885 2014 2089 2106 praedicari
2106 2011 2352 2108 Evangeliurn,

319 2115 534 2187 sententiam
557 2118 601 2188 de
622 2117 704 2189 lide.
756 2117 826 2188 Sed
848 2118 935 2213 quid
954 2115 1094 2188 multa?
1144 2115 1313 2208 Augusti·
1363 2113 1552 2187 stultitiam
1570 2118 1808 2189 cssemundo.
1859 2113 1960 2188 Vale.

317 2241 386 2290 nus
409 2218 551 2291 tenuius
577 2218 739 2316 loquitur
763 2222 807 2292 de
829 2221 898 2291 lide
923 2221 961 2290 in
987 2230 1066 2291 toto
1087 2220 1156 2292 isto
1178 2219 1313 2305 libello,
1466 2215 1533 2289 Est
1556 2217 1698 2289 libellus
1718 2219 1813 2291 inter
1826 2219 2086 2292 Ambrosianus
2107 2243 2185 2290 non
2208 2219 2353 2303 inutilis,

319 2333 356 2393 et
376 2320 415 2390 in
436 2321 616 2417 plerisque
639 2322 719 2395 aliis
741 2323 880 2396 melius.
931 2321 1058 2394 Voluit
1073 2322 1169 2393 enim
1186 2345 1313 2392 cavere
1366 2319 1607 2415 cuiuscunque
1631 2321 1767 2396 autoris
1792 2322 1884 2419 (non
1907 2322 2003 2394 enim
2017 2321 2201 2396 Ambrosii
2222 2323 2292 2422 est)
2313 2323 2352 2392 de

318 2419 390 2494 hoc
408 2427 504 2517 apud
522 2425 648 2520 vulgus
661 2425 873 2520 periculum,
888 2428 986 2521 quod
999 2427 1030 2498 si
1046 2426 1225 2497 diceretur
1243 2427 1313 2496 fide
1365 2424 1555 2496 vocatione
1574 2425 1754 2517 gentium,
1789 2450 1896 2522 quem
1919 2438 1960 2498 tu
1976 2426 2063 2520 lege.
2111 2423 2248 2498 lterum
2267 2425 2352 2498 vale.

357 2655 406 2715 u)
423 2655 526 2712 Annot.
543 2665 648 2724 netga
671 2653 812 2710 antone·
828 2655 980 2711 oontmrlo.
1402 2657 1451 2720 lb)
1468 2659 1571 2714 Annot.
1587 2671 1694 2728 nuru:
1716 2657 1860 2726 sonoros.
