4938 5966
798 1523 1293 1626 vowmffl
1356 1523 1507 1622 XX.

348 1728 792 1878 'RELIQUA
839 1737 1230 1857 SORIPTA
1279 1737 1917 1854 PHILOLOGIOA

590 1910 1008 2022 PHILIPPI
1058 1907 1727 2023 MELANTHONIS.

1121 2187 1200 2285 A.

319 2296 329 2333 '¹
425 2291 450 2347 ·’
584 2308 597 2367 ='
636 2313 640 2329 '
687 2336 1055 2402 mmmm
1076 2317 1146 2398 m
1168 2337 1639 2402 munuum.

144 2491 261 2567 XCIV.
344 2493 673 2567 GRAMMATICA
700 2493 894 2567 GRAECA
916 2493 1146 2568 INTEGRA.

142 2611 245 2686 XCV.
340 2611 621 2686 INSTITUTIO
649 2611 871 2686 PUERILIS
896 2612 1186 2685 LITERARUM
1214 2612 1532 2684 GRAECARUM.

142 2733 262 2808 XCVI.
344 2733 673 2808 GRAMMATICA
699 2733 893 2807 LATINA.

142 2851 277 2925 XCVII.
343 2851 590 2926 SYNTAXIS.

142 2971 295 3045 XCVIII.
342 2969 600 3044 PROSODIA.

141 3091 260 3166 XCIX.
344 3091 614 3164 ELEMENTA
639 3089 878 3163 PUERILIA.

314 3447 321 3463 '
488 3477 681 3536 mm
701 3475 1045 3538 mmmm
1065 3475 1135 3530 m
1156 3475 1416 3536 vocum
1436 3477 1530 3536 m
1550 3477 1826 3539 mmm.

144 3631 181 3703 C.
233 3629 429 3704 NOMINA
457 3628 800 3702 MENSURARUM
827 3627 891 3698 ET
917 3625 1179 3698 VOCABULA
1207 3627 1289 3698 REI
1315 3629 1582 3702 NUMARIAE.

506 3994 833 4113 SORII’TA
871 3992 1213 4110 PHILIPPI
1248 3999 1816 4117 MELANTHONIS

211 4163 320 4280 Al)
354 4165 795 4287 HISTORIAM
831 4167 939 4281 ET
980 4165 1553 4286 (IEOGRAI'HIAM
1589 4170 2103 4288 SPEOTANTIA.

743 4450 836 4511 VITA
857 4448 1019 4512 MARTINI
1040 4450 1214 4512 LUTIIERI.
1258 4441 1572 4536 (PROLEGOMENA)

142 4601 168 4675 I.
256 4603 549 4677 EXPLIOATIO
574 4604 817 4679 LOCORUM
845 4605 1188 4681 PALAESTINAE.

142 4719 182 4795 H.
257 4724 578 4799 EXHORTATIO
607 4723 914 4798 MAXIMILIANI
941 4726 1169 4800 CAESARIS
1194 4727 1261 4796 AD
1287 4725 1487 4798 BELLUM
1515 4723 1691 4796 TURCIS
1716 4721 2050 4797 INFERENDUM.

141 4839 199 4916 HI.
257 4845 324 4916 DE
349 4843 628 4918 ELECTIONE
653 4845 719 4916 ET
747 4843 1100 4919 CORONATIONE
1129 4847 1307 4920 CAROLI
1333 4847 1376 4919 V.
1403 4845 1631 4918 CAESARIS
1655 4843 1897 4917 HISTORIA.

140 4961 200 5034 lv.
259 4962 514 5036 NARRATIO
539 4963 605 5034 DE
630 4962 891 5036 ALPHONSO
918 4961 1098 5052 DIASlO‚
1133 4966 1360 5041 IOHANNIS
1385 4964 1593 5038 FRATRIS
1620 4960 2012 5038 INTERFECTORE.

141 5081 184 5156 V.
260 5079 522 5159 HISTORIAE
554 5081 794 5176 QUAEDAM
825 5079 1104 5156 RECITATAE
1138 5085 1288 5160 INTER
1321 5084 1557 5158 PUBLICAS
1597 5082 1880 5167 LECTIONES,
1928 5081 1959 5152 E
2000 5078 2176 5153 CODICE

452 5199 801 5274 MANUSCRIPTO
833 5198 1031 5275 PRIMUM
1065 5205 1267 5293 EDITAE‚
1302 5205 1507 5281 ANNEXIS
1537 5201 1908 5278 ADDITAMENTIS
1942 5201 2008 5270 AD
2032 5197 2179 5273 EBERI

454 5319 816 5397 CALENDARIUM.
1069 5341 1073 5350 ·

143 5439 203 5513 VI.
263 5441 490 5514 HISTORIA
521 5443 587 5514 DE
619 5441 889 5516 FRANCISCO
923 5443 1089 5518 SPERA.
