4920 5956
137 217 214 304 roo
370 220 429 294 vr
481 221 547 292 na
572 221 772 298 aarum
794 222 860 294 ur
885 218 1124 296 rursum
1148 217 1387 308 summu,
1412 219 1566 338 nano
1591 219 1833 311 uranum,
1858 239 1943 296 em.

132 393 352 488 scripturam
376 395 581 468 contuleris.
631 395 762 470 Nostra
782 353 994 480 methodos,
1020 419 1130 491 mam

133 498 366 590 praefiximus
394 497 568 570 Paulinae
598 498 770 590 epistolae
793 501 840 568 ad
868 499 1054 584 Romanos
1077 498 1131 568 di·

130 613 268 675 ctatam
292 596 424 673 scholis
446 603 580 679 nostris
594 600 648 696 ⁷),
682 613 775 672 certe
798 601 894 672 viam
914 602 980 672 tibi
996 601 1131 674 iudiea-

168 837 202 896 1)
220 779 277 888 ΙιιΙ
291 837 320 890 ln
337 848 427 902 arg.
443 837 586 902 sdsoetpts
602 837 682 888 sset:
705 833 833 898 spumis
848 833 886 886 sd
903 831 982 886 nu.

1184 394 1255 480 bit,
1281 395 1313 468 si
1333 395 1432 472 voles
1454 394 1520 466 uti.
1570 395 1667 469 Mire
1691 395 1796 486 cupio
1815 394 1928 482 scire,
1952 395 2040 494 quid
2056 393 2177 470 Theo·

1177 499 1349 591 ,logorum
1371 521 1581 596 graecorum
1607 493 1740 569 haheat
1759 499 1955 592 bibliopola
1974 513 2090 572 vester
2107 499 2176 576 Co·

1182 600 1330 694 lurgius.
1380 599 1475 674 Nam
1497 601 1657 692 impense
1681 601 1807 694 cupio,
1842 603 1881 673 in
1903 603 2016 675 lucem
2042 604 2121 688 edi,
2145 600 2176 675 ἀ

1183 705 1246 799 qui
1257 704 1358 796 digni
1374 717 1459 776 sunt
1473 705 1537 799 qui
1549 705 1727 798 legantur.
1757 703 1795 774 Si
1808 692 1923 798 potes,
1943 729 2090 804 quaeso,
2108 729 2175 778 no·

1181 809 1441 880 menolatursm
1461 831 1586 878 eorum
1609 809 1654 876 ad
1674 832 1731 878 me
1746 807 1860 879 mitte.
1910 805 2000 880 Vale
2012 808 2174 900 [elicitpr.

336 1087 341 1098 ⁵
388 1113 504 1200 lden
532 1113 759 1222 Philippus
791 1109 1071 1226 Melanthos,
1111 1135 1297 1222 quonan
1324 1113 1481 1200 indicio
1508 1113 1687 1225 legendi
1717 1115 1916 1202 Antores.
2044 1043 2058 1092 ’τ

238 1313 453 1407 Origenem,
478 1313 736 1397 Ambrosium,
761 1309 1022 1406 Hieronymum
1047 1336 1127 1384 cum

132 1416 269 1490 iudicio
286 1417 375 1510 lege.
426 1416 518 1488 Sunt
534 1416 629 1488 enirn
645 1415 683 1486 in
701 1414 751 1486 eis
765 1437 840 1484 non
856 1437 986 1507 parum
1003 1415 1129 1499 multa,

134 1545 228 1616 quoe
261 1519 488 1615 Apostolicae
520 1519 705 1610 doctrinae
735 1517 905 1588 videntur
933 1517 1128 1589 adversari.

134 1625 241 1696 Certe
268 1622 482 1695 sententiam
503 1622 609 1692 Pauli
638 1646 679 1691 ac
707 1615 973 1712 Prophetarum
1001 1621 1129 1692 Hiero·

130 1751 266 1822 nymns
295 1749 370 1798 non
402 1739 454 1798 est
487 1727 706 1820 adsequutus
722 1721 767 1820 ⁸).
834 1721 1055 1816 Cyprianus,
1094 1737 1129 1794 et

131 1829 295 1916 Hilarius
320 1829 431 1921 paulo
455 1825 511 1900 his
531 1841 615 1900 sunt
639 1827 843 1900 solidiores:
887 1824 984 1896 etin
1004 1851 1126 1898 caussa

132 1932 272 2028 gratiae
294 1943 410 2005 certae
427 1930 648 2025 Cypriorum
674 1953 749 2000 non
771 1930 1037 2022 aspernandum
1061 1955 1127 2023 pu·

132 2050 194 2118 to;
221 2037 287 2120 sed¹
298 2049 333 2130 et
349 2035 423 2127 ipse
438 2057 514 2111 non
529 2058 613 2104 raro
630 2033 824 2126 scripturas
842 2043 998 2127 torquet.

238 2135 406 2208 Veterum
424 2162 465 2207 ac
477 2160 655 2208 novorum
675 2132 917 2231 (mihicrede)
935 2135 1038 2228 pauci
1050 2135 1126 2204 lue-

132 2265 193 2326 re,
229 2241 292 2334 qui
312 2237 420 2332 Legis
450 2253 486 2310 et
506 2239 653 2310 Gratiae
685 2238 877 2312 discrimen
901 2236 1048 2332 proprie
1072 2238 1127 2305 in-

131 2343 354 2430 telleserint,
380 2355 415 2412 et
429 2345 526 2414 iuxta
542 2343 647 2414 Pauli
663 2340 876 2412 sententiam
893 2340 1093 2413 tractarint.

234 2445 456 2538 Augustinus
487 2445 526 2514 in
554 2443 796 2538 disputatione
820 2445 863 2514 de
888 2442 1023 2537 gratia,
1057 2438 1127 2517 hoc

130 2559 274 2618 tantum
290 2551 384 2640 agit,
411 2561 446 2618 et
463 2560 587 2618 contra
605 2547 811 2640 Pelagium,
838 2571 914 2616 non
929 2570 1034 2639 posse
1049 2547 1125 2616 sine

130 2652 262 2743 spiritu
284 2662 408 2721 sancto
431 2675 451 2719 a
474 2651 579 2722 nobis
595 2648 674 2720 lieri
690 2652 826 2722 honum
844 2673 953 2744 opus,
978 2643 1126 2733 horest,

130 2749 224 2822 nibil
248 2777 322 2823 esse
342 2753 434 2824 ullas
458 2765 607 2825 naturae
626 2754 798 2836 morales,
824 2777 887 2823 seu
903 2747 1126 2847 philosophi·

131 2881 191 2926 cas
214 2855 386 2940 virtutes,
416 2869 598 2925 eteorum
622 2879 732 2948 opera
755 2856 861 2946 plane
878 2867 1020 2947 peccata
1040 2879 1125 2927 esse.

129 2956 181 3028 Et
196 2954 285 3028 haec
299 2970 394 3028 certe
412 2957 602 3050 diligenter
619 2960 751 3049 probat
764 2958 801 3026 in
818 2957 860 3028 iis
877 2958 990 3030 libris.

477 3107 519 3179 ln
546 3125 642 3182 serta
669 3123 784 3203 parte.

182 3227 237 3300 De
252 3242 482 3321 peccatorum
494 3229 637 3302 meritis
655 3243 691 3300 et
708 3230 929 3302 remissione.
1018 3281 1021 3288 ·

180 3331 236 3402 De
251 3332 380 3424 spiritu
398 3344 434 3400 et
448 3333 564 3404 litera.
739 3337 743 3344 '

182 3433 237 3504 De
250 3446 380 3504 natura
397 3447 433 3505 et
445 3433 573 3526 gratia.

452 3585 494 3657 ln
521 3586 658 3658 decima
685 3602 800 3679 parte.

182 3705 317 3776 Contra
335 3707 424 3776 duas
443 3707 611 3798 epistolas
626 3707 918 3799 Pelagianorum.

182 3806 317 3879 Contra
334 3805 511 3879 lulianum
529 3812 572 3880 de
588 3811 702 3901 gratia
720 3823 755 3882 et
773 3813 886 3883 libero
903 3809 1066 3881 arbitrio.
1133 3867 1139 3876 .

181 3908 237 3981 De
254 3911 487 4004 conceptione
507 3927 543 3982 et
559 3914 686 4005 gratia.

181 4011 237 4082 De
262 4013 589 4106 praedestinatione
611 4027 816 4087 sanctorum
840 4029 876 4086 et
892 4017 990 4086 bono
1006 4037 1124 4107 perse·

235 4116 431 4188 verantiae.

426 4266 467 4338 ln
494 4217 683 4341 undecima
710 4281 824 4362 parte.

181 4389 420 4460 Adartitnlos
435 4389 625 4480 Augustini
640 4389 730 4462 lalso
749 4388 948 4482 impositos,
974 4384 1122 4484 rhapso-

235 4491 293 4560 dia
310 4504 364 4563 est
376 4491 496 4562 nescio
512 4491 623 4564 cuius.
832 4555 834 4559 Α

184 4591 318 4664 Contra
338 4595 552 4688 Pelagianos
566 4589 915 4694 sinuyrmsrsxnir').

182 4696 237 4766 De
256 4699 473 4789 perfectione
488 4697 655 4768 iustitiae.

235 4831 387 4928 Reliqua
417 4859 498 4906 cum
529 4832 661 4904 iudicio
687 4833 775 4926 lege.
833 4833 925 4905 Nam
950 4834 1011 4929 qui
1031 4835 1122 4905 liber

128 4947 185 5007 est
205 4935 326 5006 intima
351 4949 473 5027 parte,
500 4938 545 5026 de
570 4937 684 5006 libero
708 4936 876 5021 arbitrio,
902 4962 977 5006 non
993 4940 1122 5029 proba-

127 5063 230 5121 mus3
258 5051 294 5108 et
318 5039 450 5110 alicubi
470 5065 508 5111 se
530 5051 675 5134 torquet
699 5039 736 5108 in
760 5039 969 5132 quaestione
982 5043 1122 5135 quinta,

128 5141 264 5214 Utrum
287 5142 374 5214 drus
397 5143 490 5212 mala
515 5143 634 5214 iaciat.
694 5141 803 5236 Quod
829 5167 895 5214 nos
917 5157 1122 5216 constanter

166 5357 198 5422 et
215 5363 319 5412 annot.
338 5369 441 5424 merge
466 5302 555 5412 nome
571 5359 743 5424 ttteeosynt.

166 5444 198 5513 9)
216 5439 435 5514 inormem&
451 5443 529 5512 (tibrt
541 5444 622 5512 ιιι]
647 5446 699 5500 ιιι.
712 5445 788 5500 tm.
805 5439 1032 5517 dammartin

133 5533 320 5595 struma.
342 5533 449 5593 Orsa.
483 5529 568 5592 Vm..
591 5527 665 5591 XX.

1182 1315 1400 1397 adserimus,
1432 1312 1564 1408 etipse
1588 1313 1722 1386 adserit
1743 1313 1784 1384 in
1803 1314 1923 1386 libello
1947 1315 1991 1384 de
2008 1271 2122 1406 gratia¹
2138 1324 2175 1384 et

1180 1417 1294 1490 libero
1314 1415 1477 1487 arbitrio.

1280 1515 1321 1588 ln
1346 1520 1441 1590 libro
1470 1521 1514 1589 de
1539 1519 1609 1589 lide
1630 1532 1668 1588 et
1695 1519 1863 1612 operibus
1886 1520 2052 1614 quaeris,
2085 1515 2174 1592 haec

1180 1622 1286 1691 velim
1306 1635 1341 1692 ιε
1354 1623 1501 1716 proprie
1516 1622 1734 1714 intelligere,
1761 1622 1847 1718 quid
1863 1646 1949 1708 nos,
1976 1624 2062 1718 quid
2079 1621 2174 1697 Pau·
2285 1633 2288 1640 ⁴

1180 1726 1236 1796 lus
1252 1737 1355 1796 vocet
1370 1727 1489 1796 fidem.
1524 1725 1707 1820 Quoniam
1724 1727 1830 1796 docet
1843 1748 1911 1796 nos
1928 1720 2072 1824 fide¹·),
2096 1749 2173 1798 non

1180 1828 1349 1922 operibus
1379 1829 1573 1920 iustificari.
1631 1827 1725 1900 Nam
1756 1823 1986 1924 scholasticae
2015 1832 2174 1923 disputa-

1179 1933 1296 2002 tiones
1324 1932 1368 2000 de
1397 1933 1467 2002 fide
1492 1926 1584 2001 nihil
1612 1927 1684 2003 huc
1710 1931 1857 2002 iaciunt.
1908 1927 2027 2005 Habes
2052 1945 2171 2006 autem

1179 2035 1338 2105 libellum
1368 2035 1526 2106 doctoris
1553 2033 1703 2105 Martini
1725 2029 1896 2122 Lutheri,
1935 2038 1979 2105 de
2008 2037 2172 2108 libertate

1180 2134 1449 2235 christianass),
1484 2160 1590 2233 quem
1616 2138 1756 2208 utinam
1780 2161 1922 2229 semper
1945 2139 1984 2210 in
2006 2140 2173 2213 manibus

1179 2237 1329 2312 habeas:
1370 2242 1466 2312 unde
1496 2239 1585 2333 qnid
1608 2242 1716 2324 fides,
1750 2240 1838 2334 quid
1861 2264 1990 2332 opera,
2023 2241 2171 2338 proprie

1179 2344 1313 2416 discere
1341 2355 1453 2434 potes.
1521 2341 1567 2412 Et
1589 2355 1630 2412 ut
1653 2368 1831 2414 summam
1857 2338 1964 2416 huius
1987 2345 2173 2416 doctrinae

1179 2447 1244 2516 tibi
1260 2447 1400 2518 tradam
1411 2439 1431 2532 ,'
1448 2447 1547 2540 quod
1563 2445 1650 2516 dicit
1662 2445 1877 2540 Apostolus,
1901 2447 1972 2521 fide
1988 2449 2174 2525 iustificari

1177 2574 1264 2634 nos,
1291 2548 1341 2618 sic
1359 2549 1528 2641 intellige.

1280 2649 1458 2721 Historica
1493 2651 1673 2744 cognitio,
1713 2677 1784 2750 qua
1818 2665 1916 2723 certo
1940 2656 2036 2742 scio,
2073 2657 2173 2754 quod

1179 2747 1342 2824 Christus
1363 2768 1417 2826 est
1438 2754 1526 2824 deus
1546 2766 1582 2824 et
1602 2749 1714 2824 homo
1736 2766 1802 2825 etc.
1854 2754 1981 2849 Qualis
2002 2770 2055 2829 est
2072 2759 2173 2844 fides,

1179 2880 1248 2950 qua
1264 2855 1338 2926 scio
1356 2867 1464 2941 certe,
1485 2869 1547 2928 aut
1563 2859 1683 2941 credo,
1704 2861 1799 2952 quod
1817 2855 1957 2928 Romae
1975 2861 2171 2956 aliquando

1177 2959 1338 3050 regnarit
1353 2960 1535 3050 Augustus
1551 2957 1694 3030 Caesar.
1746 2960 1846 3030 Talis
1864 2956 2032 3034 historica
2052 2971 2172 3056 cogni-

1043 3087 1047 3102 ¹
1177 3059 1230 3130 tio
1252 3063 1297 3132 de
1313 3057 1457 3133 Christo
1481 3086 1556 3131 non
1579 3062 1757 3134 iustificat.
1808 3061 1867 3133 Sic
1888 3087 2045 3162 namque
2068 3065 2170 3158 impii

1178 3165 1340 3236 credunt.
1377 3165 1435 3235 Sic
1451 3166 1645 3252 daemones
1665 3190 1811 3260 quoque
1827 3169 1989 3241 credunt.
2031 3168 2086 3240 De
2103 3165 2171 3240 hac

1176 3265 1329 3335 sortasse
1349 3267 1427 3337 vult
1443 3267 1593 3359 intelligi
1606 3266 1759 3340 lacobus
1775 3273 1813 3338 in
1828 3293 1891 3340 sua
1909 3274 2092 3346 canonica.

1279 3370 1473 3454 Ascensus,
1499 3393 1561 3440 seu
1584 3370 1713 3440 fiducia
1733 3370 1774 3441 in
1789 3371 2063 3464 promissionem
2080 3379 2172 3449 divi·

1177 3491 1283 3553 nam,
1310 3472 1408 3565 quod
1430 3467 1593 3542 Christus
1612 3495 1679 3564 pro
1701 3497 1760 3544 me
1782 3476 1886 3545 datus
1910 3475 2037 3575 situ),
2070 3481 2170 3572 quod

1177 3566 1341 3644 Christus
1361 3597 1441 3643 mea
1463 3575 1580 3644 deleat
1595 3588 1760 3666 peccata,
1785 3579 1884 3670 quod
1901 3573 2063 3652 Christus
2080 3582 2170 3650 vivi·

1176 3673 1256 3744 licet
1280 3699 1355 3760 me,
1381 3672 1470 3746 haec
1494 3678 1582 3748 fides
1605 3689 1658 3747 est
1678 3677 1737 3746 illa
1754 3677 1961 3771 Evangelii,
1985 3707 2077 3778 quae
2091 3683 2168 3755 sola

1177 3775 1417 3876 iustificatl‘),
1452 3778 1490 3849 id
1513 3793 1584 3862 est,
1611 3774 1699 3850 baec
1720 3783 1795 3851 sola
1815 3795 2005 3874 reputatur
2027 3786 2169 3860 nobisa

1176 3881 1244 3950 deo
1270 3903 1336 3972 pro
1361 3880 1508 3988 iustitia.
1568 3881 1689 3974 Opera
1718 3887 1949 3978 quantumvis
1978 3889 2169 3962 videantur

1175 3983 1293 4066 bona,
1319 4007 1386 4075 pro
1405 3984 1538 4055 iustitia
1553 4009 1628 4055 non
1642 3999 1867 4078 reputantur.
1919 3989 1986 4061 Sed
2006 3994 2088 4088 quia
2106 3992 2167 4062 illa

1174 4085 1262 4156 lides
1280 4109 1346 4158 nos
1363 4082 1506 4158 Christo
1524 4088 1735 4180 incorporat
1748 4103 1784 4160 et
1798 4090 1941 4178 inserit,
1965 4096 2047 4164 ideo
2068 4096 2168 4166 iusti-

1175 4188 1343 4272 hcamur,
1369 4189 1406 4258 id
1423 4203 1495 4274 est,
1517 4191 1598 4261 ideo
1614 4215 1680 4262 uns
1697 4193 1773 4264 vult
1786 4207 1954 4285 reputare
1971 4209 2038 4288 pro
2054 4197 2167 4270 iustis.

1175 4287 1233 4362 Sic
1256 4288 1409 4384 pulchro
1431 4295 1594 4384 exemplo
1612 4317 1687 4362 rem
1706 4295 1778 4385 agit
1792 4295 1988 4387 Apostolus
2004 4299 2043 4368 in
2057 4299 2167 4372 Gala·

1174 4392 1231 4464 tis.
1281 4391 1379 4467 Deus
1400 4395 1567 4488 promisit
1588 4396 1693 4466 nobis
1715 4396 1887 4468 iustitiam
1910 4412 1946 4470 et
1968 4402 2079 4472 vitam
2101 4428 2167 4496 per

1058 4531 1062 4538 ·
1175 4491 1370 4578 Christum,
1397 4497 1612 4590 promissum
1632 4499 1801 4584 creditur,
1827 4524 1913 4592 ergo
1929 4505 2087 4577 nonnisi
2101 4531 2167 4598 per

1173 4599 1279 4667 fidem
1297 4598 1542 4672 iustificamur.
1593 4597 1670 4670 lam
1687 4613 1727 4672 ut
1739 4597 1927 4675 bominum
1945 4608 2166 4679 testamentis

1173 4698 1266 4770 nihil
1286 4700 1369 4771 licet
1393 4699 1600 4773 detrahere:
1636 4704 1685 4773 ita
1709 4729 1826 4800 neque
1848 4703 1917 4776 Dei
1938 4721 2165 4783 testamento.

1174 4803 1271 4874 Deus
1298 4818 1416 4875 autem
1442 4805 1575 4897 legavit
1598 4808 1842 4892 credentibus,
1880 4813 1981 4882 nullo
2013 4835 2163 4904 operum

1173 4920 1356 5000 respectu,
1389 4908 1497 4978 etiam
1533 4909 1643 5000 gratis
1678 4912 1802 4982 vitam.
1863 4911 1960 5005 Ergo
1994 4938 2068 4985 non
2100 4939 2165 5009 per

1172 5081 1379 5096 *a*

1210 5191 1257 5250 so)
1275 5191 1351 5242 usse
1367 5201 1423 5242 vor
1440 5190 1467 5240 tn
1486 5201 1574 5255 mg.
1593 5189 1715 5255 repetita
1727 5193 1781 5244 est.

1210 5279 1257 5336 ιι)
1276 5279 1377 5328 Arest.
1396 5287 1501 5338 nerra
1530 5273 1641 5328 Lutter.
1659 5277 1694 5330 de
1712 5276 1840 5328 ttaeeuts
1856 5279 2017 5334 ott-letters„

1208 5363 1256 5423 12)
1274 5364 1375 5416 annot.
1394 5375 1497 5428 merga
1522 5362 1638 5414 rtdrctu
1655 5361 1684 5412 ιιι
1702 5361 1851 5416 christun.

1211 5449 1258 5510 ιι)
1277 5451 1378 5505 Annot.
1395 5459 1501 5516 merga
1528 5447 1692 5502 lustllcstto
1709 5449 1889 5520 lunulas.

1595 5517 1645 5592 45

2098 223 2176 306 106
2295 301 2302 320 ,-
