4864 5966
307 289 384 364 107

308 475 345 531 te
370 461 490 550 ipsum
513 460 727 552 praecipites
750 457 789 528 in
822 460 1025 531 discrimen.
1094 459 1166 530 Res
1197 459 1305 528 amici

310 563 455 653 diliges,
482 575 517 631 et
533 563 682 655 perinde
698 583 836 646 serves,
860 587 901 632 ac
913 576 1004 632 tuas.
1049 561 1156 655 Quod
1174 562 1305 642 oderis,

312 665 417 741 alteri
438 687 513 734 nou
536 665 671 736 feceris.
738 665 871 756 Nerui
894 665 1092 748 miniteris,
1132 679 1185 734 est
1208 664 1303 733 enim

311 761 506 839 muliebre.
551 765 665 838 Citius
688 767 734 834 ad
750 767 992 838 infortunatos
1014 767 1169 852 amicos,
1196 789 1306 860 quam

310 871 516 940 fortunatos
540 869 775 961 proficiscere.
843 867 954 962 Lapis
978 870 1057 938 auri
1082 870 1209 951 index,
1244 893 1307 938 au-

311 996 393 1042 rum
416 967 620 1043 hominum.
672 969 769 1039 Voto
784 967 876 1040 nihil
892 972 1096 1063 pretiosius.
1149 971 1306 1042 Mendax

311 1074 489 1144 calumnia
506 1075 619 1143 vitam
635 1073 847 1164 corrumpit.
901 1074 1092 1144 Mendaces
1111 1075 1187 1143 odit
1211 1073 1307 1166 quis·

313 1175 395 1272 quis
409 1179 569 1268 prudens
584 1199 625 1245 ac
640 1174 794 1268 sapiens.

313 1329 532 1418 Eiusdem,
555 1325 837 1399 ers-Ausonio
865 1309 1005 1428 [pne
1023 1354 1077 1424 sq.
1104 1321 1309 1424 Ed.Seal.],

596 1431 755 1498 carmine
775 1429 1024 1522 Asclepiadeo.

313 1567 462 1662 Quanto
478 1565 559 1658 plus
575 1563 700 1648 liceat,
725 1575 800 1631 tam
816 1563 929 1634 libeat
947 1563 1079 1644 miuus.

310 1670 495 1741 Fortunae
512 1667 648 1736 invidia
665 1679 718 1737 est
739 1665 942 1736 immeritus
958 1667 1078 1739 miser.

310 1772 436 1842 Foelix
453 1769 664 1840 criminibus
678 1767 800 1838 nullus
816 1767 886 1837 erit
900 1767 976 1840 diu.

311 1873 480 1966 Ignoscas
496 1871 576 1942 aliis
590 1871 724 1953 multa,
748 1866 841 1939 nihil
856 1869 934 1940 tibi.

311 1977 434 2048 Parcit
450 1973 602 2069 quisque
616 1971 744 2054 bonis,
768 1974 925 2064 prodere
933 1969 981 2065 ¹¹)
997 1971 1075 2054 vult
1089 1971 1217 2042 bonos.

310 2077 496 2149 Malorum
513 2075 651 2148 meritis
666 2073 780 2165 gloria
795 2097 872 2145 nou
888 2075 1009 2145 datur.

310 2180 448 2273 Turpis
465 2202 572 2271 saepe
592 2179 699 2248 datur
714 2177 831 2249 lorma
849 2175 1067 2266 minoribus.

457 2373 463 2380 ·
511 2325 729 2401 Chilonis
755 2325 1124 2399 Lacedaemonii.

415 2465 531 2540 Nosce
554 2479 589 2534 te
614 2463 745 2558 ipsum.
795 2463 850 2536 Ne
869 2462 927 2534 cui
951 2463 1107 2536 invidias
1128 2463 1311 2534 mortalia.

312 2568 608 2661 Temperantiam
631 2589 767 2642 exerce.
819 2565 958 2658 Turpia
981 2566 1075 2657 fuge.
1134 2563 1313 2657 Tempori

311 2695 432 2766 parce.
478 2666 572 2743 luste
590 2691 667 2739 rem
686 2690 788 2760 para.
839 2667 1067 2738 Multitudiui
1083 2667 1197 2758 place.
1248 2665 1312 2738 Sa·
1382 2737 1390 2748 ,

312 2773 448 2868 pientia
465 2786 578 2846 utere.
632 2771 797 2842 Moribus
812 2772 988 2862 probatus
1006 2783 1094 2842 esto.
1144 2768 1199 2843 Ne
1222 2767 1312 2863 quid

313 2875 514 2970 suspiceris.
581 2871 712 2944 Oderis
733 2872 944 2944 calumnias.
1011 2872 1066 2946 Ne
1088 2871 1199 2943 fueris
1226 2894 1311 2941 one-

315 3003 432 3050 rosus.

340 3110 557 3184 Eiusdem
584 3133 636 3180 ex
659 3107 864 3180 Ausonio
893 3103 950 3206 [p.
968 3106 1055 3180 119.
1078 3105 1145 3180 Ed.
1163 3104 1290 3206 Scal.]‚

594 3207 850 3282 Choriambico
868 3210 1041 3281 carmine.

248 3427 253 3440 ,
312 3351 409 3428 Nolo
426 3350 547 3420 minor
562 3371 619 3418 me
634 3347 786 3430 timeat,
807 3345 1052 3440 despiciatque
1071 3343 1202 3417 maior.

310 3455 403 3527 Vive
419 3476 559 3523 memor
576 3449 723 3533 mortis,
750 3449 945 3519 immemor
962 3460 1004 3518 ut
1018 3447 1066 3521 sis
1083 3447 1209 3520 salutis
1217 3445 1247 3492 ¹¹
1258 3453 1300 3550 ¹).

312 3557 447 3630 Tristia
463 3569 587 3626 cuncta
606 3575 808 3645 exuperans
824 3565 888 3623 aut
905 3551 1029 3621 animo
1044 3565 1111 3622 aut
1130 3551 1259 3625 amico.

313 3662 372 3733 'l'u
386 3663 478 3732 bene
494 3660 523 3730 si
540 3658 628 3753 quid
643 3656 776 3740 facias,
800 3679 876 3724 non
892 3654 1098 3726 meminisse
1112 3653 1166 3724 fas
1182 3665 1246 3726 est.

314 3765 426 3836 Grata
444 3773 606 3834 senectus
624 3755 789 3843 homini,
816 3783 910 3852 quae
928 3757 1053 3850 parilis
1069 3757 1260 3828 iuventuti.

313 3866 377 3940 llla
396 3867 561 3936 iuventus
576 3861 744 3954 gravior,
772 3883 865 3954 quae
882 3860 1009 3932 similis
1021 3872 1196 3932 senectae.

553 4009 741 4100 Solonis
766 4005 1081 4120 Atheniensis.

421 4157 538 4230 Deum
569 4154 657 4224 cole.
723 4149 898 4221 Parentes
926 4169 1103 4219 reverere.
1175 4148 1313 4221 Amicis

318 4285 496 4337 succurre.
536 4255 682 4330 Nemini
696 4253 868 4323 invideto.
909 4249 1107 4320 Veritatem
1125 4252 1312 4324 sustineto.

319 4368 373 4441 Ne
388 4367 520 4436 iurato.
564 4357 718 4452 Legibus
735 4368 874 4449 pareto.
918 4353 1044 4446 Cogita
1064 4357 1162 4450 quod
1177 4355 1312 4427 iustum

320 4483 384 4542 est.
443 4463 654 4536 Iracundiae
682 4462 881 4529 moderare.
946 4455 1128 4530 Virtutem
1150 4457 1312 4532 laudato.

319 4571 438 4644 Malos
454 4569 540 4640 odio
556 4563 797 4661 prosequitur.

346 4727 563 4800 Eiusdem
592 4743 642 4790 er
666 4714 874 4790 Ausonio
902 4707 1298 4812 [p.119.Ed.seat.],

619 4816 822 4892 Trochaico
848 4817 1020 4887 carsuine.

323 4969 414 5038 Dico
428 4981 513 5035 tunc
530 4963 641 5032 vitam
659 4959 823 5039 beatam,
848 4957 919 5024 lata
938 4978 1019 5024 curn
1037 4965 1180 5044 peracta
1193 4965 1288 5024 sunt.

323 5070 483 5160 Parpari
500 5067 643 5156 iugator
657 5060 827 5142 coniunx,
841 5056 989 5128 dissidet
1005 5057 1102 5151 quod
1117 5056 1165 5124 im
1170 5079 1237 5147 par
1251 5069 1315 5127 est.

324 5175 408 5246 Non
423 5180 530 5238 erunt
544 5166 699 5236 honores
713 5185 866 5256 usquam
882 5160 1024 5230 fortuiti
1040 5158 1212 5234 muneris.

360 5360 410 5415 tt)
428 5355 561 5421 prodere]
579 5351 621 5402 sto
638 5349 688 5405 11.
704 5346 798 5410 158θή
823 5351 950 5403 Ausone
972 5346 1089 5409 perdere
1152 5378 1157 5388 .

359 5446 388 5494 tt
398 5447 424 5500 ⁸)
444 5441 585 5491 tunenor
603 5461 638 5472 -
656 5431 722 5502 rat]
741 5435 783 5484 stc
801 5433 850 5486 Ed.
870 5433 965 5493 tutts
988 5436 1110 5481 Ausum:
1137 5427 1178 5479 ott
1196 5425 1237 5476 slr
1257 5438 1316 5476 ne-

393 5521 454 5563 mer
471 5513 500 5559 st
516 5505 626 5558 sstutln

883 287 1007 360 PHIL.
1045 287 1159 360 MEL.
1194 281 1412 362 scalers?
1430 287 1767 362 PHILOLOGICA.

2269 287 2342 360 408

1358 462 1458 533 Clam
1482 486 1656 553 coarguas
1681 460 1946 554 propinquum,
1981 461 2059 577 sed·
2074 460 2195 550 palam
2226 461 2344 530 lauda·

1982 583 2090 632 vens.

1358 663 1547 738 Pulchrius
1563 667 1678 735 multo
1693 669 1838 757 parari,
1864 689 1972 760 quam
1989 662 2105 732 creari
2127 662 2298 733 nobilem.

1358 769 1464 840 Certa
1483 769 1513 839 si
1530 771 1670 838 decreta
1687 793 1766 840 sors
1782 781 1856 853 cst,
1882 769 1969 862 quid
1985 789 2112 836 cavere
2127 763 2312 864 proderit?

1359 871 1442 942 Sive
1458 883 1542 944 sunt
1558 872 1692 941 incerta
1710 883 1857 956 cuncta,
1882 869 1970 965 quid
1986 869 2115 939 timere
2131 865 2323 938 convenit?

1639 1035 1854 1111 Thaletis
1879 1036 2068 1109 Milesii.

1464 1179 1669 1271 Principem
1682 1174 1836 1248 honora.
1878 1175 2025 1248 Amicos
2037 1178 2218 1267 probato..
2248 1174 2346 1246 Simi-

1359 1282 1403 1354 lis
1414 1283 1467 1351 tui
1486 1282 1544 1354 sis.
1592 1281 1738 1355 Nemini
1754 1279 1970 1375 promittite.
2015 1277 2126 1370 Quod
2141 1280 2244 1350 adest
2267 1277 2345 1348 boni

1361 1384 1549 1458 consulito.
1602 1383 1753 1454 hvitiis
1766 1382 1964 1454 abstineto.
2019 1380 2182 1452 Gloriam
2205 1393 2346 1454 sectare.

1360 1487 1465 1558 Vitae
1484 1511 1606 1560 curam
1625 1511 1702 1578 age.
1750 1485 1885 1555 Pacem
1904 1485 2026 1579 dilige.
2075 1484 2262 1556 Laudatus
2276 1497 2344 1555 esto

1361 1592 1457 1684 apud
1475 1613 1611 1662 omnes·
1662 1588 1903 1660 susurronem
1920 1613 1964 1658 ex
1977 1589 2125 1660 aedibus
2141 1587 2244 1661 eiice.

1495 1740 1560 1818 Ex
1584 1743 1788 1815 Ausonio
1816 1739 1872 1843 [p.
1890 1743 1976 1818 120.
2001 1739 2071 1818 Ed.
2088 1698 2240 1839 ScaliL⁸

1643 1847 1801 1916 carmine
1827 1846 2074 1918 Pentametro.

1362 1983 1487 2075 Turpe
1501 1982 1589 2076 quid
1603 2005 1754 2054 ausurus
1771 1995 1807 2052 te
1820 1984 1897 2055 sine
1912 1995 2001 2056 teste
2014 1984 2114 2056 time.

1361 2085 1444 2154 Vita
1462 2085 1576 2176 perit,
1601 2085 1729 2157 mortis
1744 2086 1859 2176 gloria
1876 2110 1950 2156 non
1968 2088 2134 2158 moritur.

1362 2187 1472 2282 Quod
1487 2189 1647 2260 lecturus
1662 2188 1751 2272 eris,
1778 2187 1896 2259 dicere
1912 2190 2109 2262 sustuleris.

1363 2291 1461 2362 Crux
1475 2303 1546 2374 est,
1571 2290 1602 2361 si
1617 2301 1776 2374 metuas,
1802 2291 1946 2392 vineerq
1962 2294 2060 2386 quod
2079 2314 2251 2388 nequeas.

1364 2394 1455 2465 Cum
1471 2415 1555 2463 vere
1572 2393 1760 2483 obiurgas,
1784 2393 1835 2463 sic
1847 2393 1993 2464 inimice
2007 2394 2119 2466 vivas.

1362 2495 1424 2569 Nil
1439 2495 1613 2578 nimium,
1637 2494 1724 2567 satis
1741 2507 1813 2581 est,
1840 2519 1886 2566 ne
1899 2497 1947 2567 sit
1961 2509 1996 2566 et
2011 2493 2080 2570 hoc
2093 2496 2261 2568 nimium.
2330 2533 2334 2540 ·

1669 2643 1791 2736 Puer
1817 2675 2048 2736 evocator.

1362 2801 1540 2874 Lucidum
1555 2801 1661 2872 iubar
1676 2803 1906 2874 tenebrosum
1923 2826 1989 2894 per
2002 2803 2151 2885 orbem,
2178 2801 2339 2896 lampadis

1363 2901 1553 2976 Phoebeae
1568 2905 1722 2990 relucet,
1747 2918 1784 2975 et
1800 2927 1893 2997 vago
1911 2905 2012 2976 coelo
2026 2929 2131 2975 suum
2148 2901 2237 2976 iacit

1363 3007 1520 3100 Fulgur,
1545 3008 1630 3078 luna
1650 3017 1752 3099 parte
1768 3010 1917 3080 adversa
1936 3006 2018 3076 erili
2035 3006 2125 3077 nitet
2140 3008 2287 3080 lumine.

1363 3110 1439 3181 Sub
1453 3111 1517 3180 alti
1534 3109 1645 3182 maris
1660 3110 1873 3182 sonantibus
1885 3109 2050 3182 fluetibus
2065 3107 2230 3180 stellulae

1364 3213 1540 3284 Sudorem
1556 3211 1701 3298 eluunt,
1727 3225 1761 3282 et
1776 3235 1814 3283 se
1827 3215 1969 3284 futurae
1985 3211 2084 3282 noeti
2099 3223 2320 3305 praeparant.

1363 3315 1474 3388 Pueri
1492 3316 1648 3407 surgite,
1675 3339 1697 3386 o
1712 3315 1835 3408 pueri,
1861 3317 1935 3386 diei
1948 3314 2105 3387 volueris
2121 3317 2232 3388 canit.

1365 3418 1565 3492 Convenite
1593 3419 1721 3488 crebri.
1787 3417 1872 3490 Non
1893 3419 1994 3511 prius
2024 3423 2071 3488 ad
2098 3419 2339 3487 demandatum

1556 3611 1562 3619 Ι
1987 3545 2078 3613 opus

1363 3621 1604 3710 noceamus,
1630 3617 1785 3718 hymnos
1801 3637 1908 3718 atque
1923 3624 2076 3696 balbulis
2090 3620 2267 3694 labellulis
2378 3691 2382 3698 .

1362 3727 1510 3799 Potenti
1524 3726 1622 3818 patri
1634 3727 1917 3810 cantaverimus,
1942 3750 2076 3818 magno
2092 3725 2247 3796 numini.

1363 3829 1445 3902 Oda
1463 3853 1543 3899 cum
1559 3852 1658 3899 novo
1674 3829 1886 3920 splendore,
1912 3853 2066 3924 cumque
2080 3828 2168 3898 solis
2186 3829 2306 3906 sidere,

1364 3930 1405 4002 ln
1420 3943 1558 4002 mentes
1573 3931 1720 4002 tenellas
1735 3930 1886 4002 irradiet
1901 3944 2003 4002 tuum
2020 3933 2166 4015 lumen,
2192 3941 2301 4024 pater,

1364 4032 1412 4106 Et
1429 4033 1616 4126 caliginem
1636 4035 1736 4125 luget
1752 4034 1814 4105 lux
1830 4055 1914 4104 vera
1931 4035 2047 4106 nostri
2062 4035 2230 4127 pectoris.

1363 4136 1491 4209 Donec
1503 4137 1599 4229 mole
1619 4138 1705 4210 solis
1718 4138 1818 4228 ignes
1833 4151 2072 4229 conteguntur
2086 4149 2219 4221 terrea,

1364 4240 1484 4311 'l'abet
1497 4243 1654 4314 mundns
1669 4251 1704 4310 et
1722 4252 1867 4332 aspectu
1882 4253 2007 4310 cuncta
2027 4238 2182 4312 terribili
2194 4237 2306 4310 silent.

1365 4343 1476 4414 Verbi
1492 4345 1578 4414 dum
1593 4343 1686 4416 sacri
1701 4343 1790 4414 latet
1804 4342 1949 4413 lucerua
1971 4332 2170 4414 scintillans
2182 4341 2250 4425 tui,

1365 4447 1476 4519 Tetra
1493 4459 1614 4520 vastus
1632 4458 1783 4539 occupat
1795 4458 1953 4516 mentem
1967 4442 2102 4516 horror
2114 4441 2315 4516 solitudine.

1365 4549 1436 4623 sed
1452 4576 1533 4622 cum
1549 4549 1689 4622 luciferi
1704 4550 1861 4620 candens
1875 4549 2040 4633 flamma,
2066 4547 2153 4620 solis
2170 4542 2310 4638 praevia

1365 4655 1509 4729 Novum
1529 4653 1710 4724 nuntiavit
1724 4637 1917 4744 gaudium,
1943 4653 2123 4722 laetantur
2137 4648 2273 4718 omnia.

1367 4758 1457 4830 Cum
1474 4771 1575 4829 tuum
1591 4758 1734 4829 salubre
1751 4756 1881 4825 effulsit
1900 4754 1985 4825 atris
2000 4755 2117 4826 cordis
2132 4752 2296 4828 nubibus,

1365 4859 1507 4933 Lumen
1520 4871 1644 4954 pectus
1658 4859 1794 4929 exultat
1810 4859 1965 4928 tenebris
1977 4858 2133 4928 solutum
2150 4855 2267 4925 malis.

1638 5011 1755 5087 Puer
1781 5036 2087 5110 mazonomos.

1367 5153 1609 5245 Omnipotens
1627 5137 1788 5243 genitor,
1814 5149 1940 5219 mundi
1954 5146 2200 5243 quadruplicis
2214 5155 2320 5218 autor,

1421 5255 1550 5338 Cuius,
1574 5257 1672 5350 quod
1688 5252 1790 5335 lecit,
1815 5253 1974 5321 continet
1989 5240 2098 5322 omne
2112 5271 2253 5328 manus,

1368 5360 1442 5455 Qui
1458 5360 1589 5450 pictam
1608 5357 1704 5426 neria
1721 5355 1834 5446 pascis
1851 5357 1917 5426 sub
1934 5357 2049 5437 nube,
2076 5351 2267 5421 volucrem.

1419 5460 1634 5554 suppedites
1647 5459 1781 5544 victus,
1802 5467 1965 5548 tempore
1980 5475 2143 5550 quoque,
2169 5473 2262 5523 suos.
