4910 5964
122 271 203 350 489
396 267 456 347 lll.
508 270 574 344 DE
598 269 876 349 affictione
899 271 968 347 ΕΤ
993 271 1349 354 CORONATIONE
1375 275 1556 350 cauom
1578 278 1624 354 V.
1651 279 1892 358 CAESARIS.
2087 284 2171 362 tto

119 445 179 518 bis
195 465 340 541 quoque
354 443 586 538 diligentiam
595 458 632 518 et
644 447 751 518 iidem
765 445 1020 540 prautandam
1033 469 1126 531 esse,
1173 445 1281 538 longa
1315 445 1581 541 disputatione,
1622 476 1832 550 quanquam
1867 454 1975 530 etiam
2006 457 2038 530 si
2067 459 2170 531 natio

119 560 185 634 ut,
214 560 392 643 quantum
415 571 438 618 a
463 549 570 622 nobi
590 549 777 642 provideri
797 561 935 642 potest,
964 551 1125 620 maxime
1172 545 1264 620 nibil
1295 551 1510 644 impediret,
1550 553 1794 630 dissuaderem
1824 554 1922 630 banc
1944 561 2171 636 electionem.
2262 588 2266 602 ¹

120 653 297 724 idoneum
319 652 513 744 eligaman,
551 675 623 748 qua
646 653 687 725 in
709 652 930 746 reprimam
953 647 1124 726 babeuda
1152 651 1338 726 'Primum
1370 655 1470 726 euim
1503 656 1543 726 in
1569 657 1804 732 Germaniam
1840 662 2073 736 adducendus
2101 665 2172 736 erit

121 767 177 828 est
195 753 292 824 ratio
313 753 435 847 legum
458 765 687 840 nostrarum,
720 767 757 826 et
776 754 1025 828 iurisiurandi.
1073 754 1125 826 Et
1172 755 1310 828 Gallus.
1369 757 1556 854 Quantum
1584 785 1626 833 ea
1652 763 1692 834 in
1723 787 1763 836 re
1787 764 1940 859 periculi
1963 766 2052 852 erit,
2085 792 2169 839 cunr

122 857 298 956 quoniam
313 853 374 928 bic
391 858 799 952 congressusinstitutus
815 869 880 944 est,
903 881 980 928 non
994 869 1036 948 ut
1049 859 1121 932 suf·
1174 859 1346 931 exercitus
1367 863 1579 954 peregrinus
1599 865 1835 963 distribuetur
1861 868 1901 938 in
1922 871 2030 941 urbes
2051 866 2172 963 Impe-

118 961 236 1055 fragia
260 961 439 1046 ieramus,
472 963 534 1033 sed
555 974 598 1033 ut
612 961 725 1032 libere
739 961 1012 1058 colloquamur,
1037 985 1120 1034 cum
1171 960 1235 1032 rii!
1286 962 1345 1034 An
1369 966 1598 1056 superbiam,
1631 981 1668 1040 et
1685 968 1853 1043 libidines
1876 973 2039 1068 equitum
2056 972 2169 1044 Galli·

120 1067 167 1138 de
188 1063 357 1136 universa
378 1065 581 1157 republica,
605 1077 685 1136 tum
700 1066 747 1135 de
761 1065 953 1135 electione:
987 1064 1121 1150 dicam,
1172 1087 1297 1136 corum
1316 1066 1479 1141 civitates
1492 1071 1632 1144 lerant?
1684 1072 1755 1146 Sed
1769 1075 1868 1146 aliud
1884 1075 2070 1170 impendet
2087 1099 2169 1168 gra-

120 1166 211 1266 quid
226 1163 317 1238 mibi
333 1167 489 1239 maxime
505 1168 672 1238 videatur
686 1191 707 1239 e
722 1167 906 1262 republica
921 1192 1009 1242 esse.
1041 1166 1122 1240 Etsi
1172 1167 1252 1240 vius
1274 1170 1424 1244 malum.
1479 1171 1609 1245 Veniet
1629 1174 1797 1250 inimicus
1818 1176 1972 1264 Carolo,
1997 1182 2099 1274 quod
2120 1203 2168 1250 ne

121 1283 244 1342 autem
273 1268 425 1342 mirifice
454 1294 570 1365 angor
592 1271 722 1342 animo
755 1273 801 1344 sle
823 1284 954 1343 eventu
978 1269 1121 1342 electio·
1171 1270 1230 1342 eui
1258 1273 1410 1345 dubium
1442 1272 1510 1362 sit,
1547 1277 1621 1348 iam
1654 1279 1790 1350 bellum
1823 1283 2075 1354 denuntiatum
2101 1293 2170 1368 est,

118 1373 197 1448 n'u:
242 1386 368 1445 tamen
406 1369 495 1446 baec
532 1373 592 1446 res
624 1368 794 1446 nonnihil
825 1375 924 1446 levat
954 1375 1117 1446 animum
1172 1373 1321 1470 antiqua
1363 1377 1509 1448 loedere
1549 1379 1854 1474 Burgundionum
1894 1397 1932 1456 et
1975 1383 2172 1456 Gallorum·

120 1501 244 1550 meum
263 1500 370 1562 cura,
399 1479 500 1572 quod
519 1489 625 1550 antea
648 1477 802 1572 polliciti
821 1478 923 1563 estis,
957 1501 1023 1550 vos
1042 1501 1119 1548 non
1170 1477 1330 1552 nutias&
1380 1479 1529 1552 Bellum
1547 1483 1656 1554 etiam
1674 1483 1830 1579 Neapoli
1845 1487 1978 1559 inferre
1995 1487 2172 1560 decrevit.-

120 1579 378 1653 commissuros
399 1604 495 1667 esse,
521 1594 563 1653 ut
576 1581 747 1674 suffragia
762 1581 986 1654 dissentiant.
1037 1579 1119 1654 Dis-
1153 1577 1295 1676 'ltaque
1311 1605 1393 1674 cum
1414 1586 1665 1658 detrectabunt
1678 1589 1871 1683 imperinm
1888 1573 2077 1664 Gallorum
2091 1588 2168 1662 Au-

118 1685 259 1780 putabo
282 1684 393 1776 igitur
415 1683 585 1770 liberius,
612 1709 766 1780 vosque,
787 1697 834 1755 ut
855 1685 951 1756 idem
967 1681 1119 1770 faciatis,
1170 1683 1292 1754 striari
1316 1697 1351 1754 et
1364 1685 1517 1779 Belgae,
1544 1702 1582 1759 et
1601 1685 1789 1763 habebunt
1807 1694 1870 1764 alii
1893 1695 2049 1765 aliorum
2065 1695 2173 1786 prin--

117 1783 311 1860 adhortor.
362 1786 504 1858 Deinde
518 1789 658 1860 collatis
676 1787 928 1880 opinionibus,
953 1783 1120 1882 sine‘pri·
1171 1785 1291 1880 cipum
1326 1789 1444 1860 studia
1478 1803 1587 1886 atque
1617 1795 1768 1866 auxilia:
1808 1797 1974 1868 videbitis
2000 1819 2165 1868 arsuram

116 1889 435 1978 vaticinantibus,
468 1902 510 1963 ut
529 1893 632 1962 decet
654 1891 855 1986 principes,
886 1915 1119 1987 quorumsa·
1172 1891 1269 1959 civili
1292 1891 1388 1962 bello
1409 1893 1617 1969 universam
1640 1897 1888 1972 Germaniam.
1939 1898 2057 1970 Porro
2082 1923 2166 1970 cum
2301 1890 2305 1896 ⁴
2373 1893 2377 1896 ’

118 1996 279 2089 pientiae
302 2007 339 2065 et
360 1994 488 2065 virtuti
508 2019 567 2067 res
583 1995 745 2067 omnium
762 1995 918 2066 maxima
937 2018 1120 2064 commen·
1171 1991 1243 2087 alia
1272 1995 1378 2067 nobis
1408 1997 1660 2089 prospicienda
1691 2013 1792 2074 suut:
1833 2015 1909 2074 tum
1940 1997 2011 2074 boc
2031 2015 2164 2072 natura

118 2101 206 2171 data
228 2109 299 2182 est,
323 2121 436 2170 unam
457 2099 672 2192 sententiam
693 2097 885 2191 eligemus,
912 2083 1005 2192 quae
1021 2095 1119 2167 vide·
1170 2095 1330 2188 primum
1356 2110 1428 2181 est,
1464 2123 1511 2170 ne
1542 2115 1667 2174 nostra
1692 2105 1819 2176 electio
1841 2105 1945 2176 civile
1967 2105 2102 2176 bellum
2126 2105 2165 2174 in

118 2202 221 2272 bitur
232 2199 422 2272 utilissima
440 2202 631 2274 universae
645 2201 865 2294 reipublicae
880 2196 1118 2272 Christianae.
1135 2193 1138 2198 ’
1171 2197 1367 2270 Germania
1390 2205 1574 2276 accendat.
1625 2202 1703 2276 lam
1724 2209 1755 2279 si
1772 2207 1917 2279 Gallum
1940 2208 2165 2299 elegerimus,

120 2303 297 2376 Existimo
324 2328 391 2376 vos
417 2328 542 2376 omues
575 2307 619 2375 de
645 2305 760 2377 tribus
785 2303 971 2378 sententiis
997 2303 1119 2396 dispu-
1171 2303 1354 2396 oportebit
1372 2325 1440 2374 nus
1455 2305 1626 2398 suffragia
1641 2321 1765 2380 nostra
1783 2311 1889 2381 tueri.
1939 2308 2013 2380 Ubi
2031 2311 2061 2381 si
2075 2309 2165 2380 inci·

120 2421 218 2478 tare:
244 2429 292 2476 an
306 2431 370 2479 rex
385 2407 524 2479 Galliae
538 2407 585 2478 sit
600 2408 648 2478 ad
661 2403 857 2500 Imperium
873 2409 1119 2492 accersendus,
1169 2405 1231 2476 det
1244 2403 1423 2477 discordia
1439 2431 1520 2478 cum
1534 2400 1755 2498 Austriacis‚
1780 2435 1867 2482 num
1885 2435 1985 2485 arma
1999 2435 2165 2504 geremus

120 2522 187 2582 aut
206 2509 358 2582 Carolus
379 2509 458 2582 Rex
478 2509 694 2604 Hispaniam
737 2533 786 2580 an
808 2533 895 2581 vero
918 2511 1030 2582 satius
1060 2510 1118 2596 sit,
1169 2508 1216 2579 ad
1234 2509 1511 2603 opprimendam
1527 2513 1676 2584 domum
1694 2513 1887 2586 auratae?
1931 2515 2088 2589 Necnos
2103 2540 2164 2586 ve·

120 2613 284 2708 aliquem
313 2613 442 2706 eligere
465 2639 509 2684 ex
531 2613 681 2685 caeteris
703 2613 922 2686 Germaniae
945 2612 1118 2706 principi·
1170 2624 1227 2684 tus
1255 2613 1502 2698 necessitudo,
1538 2639 1605 2686 uec
1630 2617 1815 2712 sauguinis
1838 2617 2065 2704 coniunctio,
2097 2641 2165 2688 nec

119 2719 209 2800 bus,
242 2714 306 2810 qui
328 2715 458 2788 virtute
478 2730 515 2787 et
538 2717 700 2810 potentia
722 2716 802 2790 aliis
826 2718 1039 2788 antecellere
1065 2717 1119 2787 vi·
1168 2715 1298 2786 merita
1325 2729 1362 2788 et
1390 2717 1562 2791 nobilitas
1589 2721 1719 2796 domus
1739 2722 1972 2808 ausuum,
2006 2721 2164 2816 denique

118 2823 262 2891 dentur.
302 2817 358 2890 De
374 2815 432 2893 bie
446 2820 616 2892 omnibus
630 2842 808 2914 exponam
824 2819 983 2890 breviter
998 2841 1117 2890 meam
1169 2841 1245 2887 non
1261 2817 1503 2891 Maximiliani
1523 2845 1667 2910 manes,
1693 2836 1832 2896 atarto
1854 2826 1986 2897 scelere
2005 2826 2165 2896 deterre·

120 2922 345 3017 opinionem.
611 3012 615 3021 Ι
1168 2919 1283 2992 bunt?
1339 2920 1482 2995 Deinde
1510 2928 1690 3019 oppressis
1707 2928 1926 3014 Austriacis,
1957 2951 2006 2998 au
2028 2925 2164 3020 putatis

224 3024 281 3096 lle
294 3025 402 3098 Gallo
425 3025 585 3098 arbitror
605 3047 672 3098 uos
693 3023 864 3119 impediri
885 3024 1018 3098 nostris
1031 3023 1118 3117 legi-
1168 3024 1372 3096 libertatem
1387 3028 1536 3100 caeteris
1551 3030 1775 3123 principibus
1795 3031 1837 3102 iu
1855 3043 1934 3102 toto
1958 3029 2061 3102 iore?
2111 3029 2165 3100 Ut

118 3132 209 3214 bus,
235 3141 272 3200 et
291 3129 540 3202 iureiurando.
591 3127 657 3202 Est
678 3127 774 3199 enim
794 3128 926 3200 diserte
945 3129 1119 3200 constitu·
1169 3125 1418 3200 Mediolanum
1442 3153 1519 3202 nou
1543 3134 1850 3228 reddetunquam
1866 3133 2076 3218 Germanis,
2100 3131 2164 3219 ita,

120 3247 219 3318 taam,
252 3257 297 3304 ne
318 3246 465 3318 extero,
496 3232 559 3305 sed
581 3231 799 3306 Germanico
823 3231 982 3325 principi
1003 3233 1118 3325 impe·
1168 3229 1231 3301 ubi
1246 3231 1400 3322 poterit,
1425 3233 1614 3306 Gallorum
1633 3238 1833 3329 potentiam
1853 3238 2014 3330 augebit.
2106 3263 2109 3272 ’

120 3335 218 3406 rium
250 3338 562 3420 commendemus,
594 3359 642 3404 ne
674 3330 910 3406 hortantum
937 3337 1119 3406 decusad
1272 3329 1373 3405 Nihil
1401 3359 1459 3405 me
1492 3335 1553 3406 illa
1585 3340 1774 3430 magnilica
1804 3341 1981 3432 promissa
2002 3350 2164 3422 movent,

121 3451 260 3513 exteras
279 3441 447 3513 nationes
471 3439 729 3522 transferatur,
759 3450 885 3508 etnon
901 3438 1013 3508 modo
1028 3438 1119 3508 Ger·
1169 3436 1440 3530 quaeaudistis.
1481 3437 1565 3511 Non
1580 3454 1706 3532 pacta,
1732 3464 1807 3513 non
1823 3439 1917 3535 leges
1934 3443 2015 3533 plus
2029 3440 2163 3524 valent,

119 3543 244 3614 mania
266 3544 390 3618 veniat
414 3543 454 3613 in
474 3542 703 3626 servitutem,
731 3541 794 3612 sed
819 3540 928 3612 etiam
949 3537 1122 3627 initalia,
1170 3561 1280 3633 quam
1296 3538 1497 3624 iracundia,
1521 3544 1701 3635 superbia,
1725 3545 1876 3616 ambitio
1889 3543 2048 3616 victoris.
2087 3541 2163 3612 Sci·

119 3659 297 3719 autstatu
311 3645 510 3731 Ecclesiae,
536 3643 692 3716 mutatio
704 3655 887 3739 sequatur.
939 3643 1015 3716 Nee
1029 3668 1117 3714 vero
1168 3642 1407 3713 musGallum
1427 3643 1618 3737 lupatria,
1644 3669 1754 3741 quam
1770 3661 1900 3718 natura
1917 3667 2041 3716 amare
2056 3643 2163 3714 debe·

119 3747 272 3822 dubium
308 3763 381 3834 est,
420 3749 557 3842 Regem
584 3747 763 3819 Gallicum
788 3771 863 3820 esse
884 3747 1117 3842 peregrinum
1167 3745 1243 3828 bat,
1269 3749 1444 3839 quosdam
1462 3746 1534 3816 iam
1551 3748 1774 3842 principatus
1791 3750 1965 3844 rapuisse,
1990 3747 2163 3842 brevique

117 3853 344 3948 principem,
369 3865 406 3924 et
428 3875 473 3924 eo
494 3864 664 3945 appetere
684 3847 755 3923 boc
775 3850 979 3944 fastigium,
1011 3862 1053 3922 ut
1070 3851 1136 3924 ad.
1169 3849 1333 3924 orbatam
1348 3849 1516 3922 videbitis
1530 3851 1754 3945 principibus
1770 3854 1975 3924 universam
1992 3851 2163 3923 Galliam.

117 3979 207 4029 suos
229 3957 444 4042 transferat,
469 3955 561 4027 sicut
581 3955 678 4026 idem
704 3953 859 4026 maiores
880 3954 992 4048 ipsius
1009 3977 1117 4048 saepe
1167 3949 1232 4024 Est
1247 3953 1399 4023 omniuo
1416 3953 1542 4026 Gallus
1557 3955 1695 4028 excelso
1720 3955 1843 4027 animo
1867 3955 2069 4050 praeditus;
2099 3955 2163 4026 sed

4 4049 9 4068 '
119 4059 236 4133 armis
249 4061 294 4132 ad
308 4085 346 4135 se
362 4053 546 4132 retrahere
561 4057 684 4128 conati
696 4070 791 4129 sunt.
832 4057 907 4129 Nec
925 4057 1003 4129 sine
1019 4079 1118 4128 acer·
1168 4054 1276 4126 nimis
1293 4057 1444 4149 cupidus
1461 4053 1709 4132 Monarchiae.
1760 4058 1837 4132 Nos
1853 4073 1972 4130 autem
1991 4057 2061 4129 uisi
2075 4057 2165 4128 Ari·
2251 4133 2259 4146 .

118 4162 227 4237 rimis
248 4163 562 4247 dimicationibus,
595 4160 747 4232 Carolus
766 4159 934 4244 Crassus,
960 4173 995 4230 et
1010 4158 1117 4230 Otto·
1167 4158 1375 4230 stocratiam
1405 4160 1610 4254 principum
1636 4162 1675 4232 in
1696 4162 1890 4235 Germania
1919 4160 2020 4231 omni
2044 4157 2163 4230 cousi-

117 4291 207 4354 nes‚
236 4266 496 4363 possessiouem
519 4262 667 4358 Imperii
686 4261 936 4335 inGermania
959 4262 1117 4334 retinue·
1166 4260 1238 4346 lio,
1270 4263 1438 4336 omnibus
1459 4263 1596 4336 viribus
1617 4287 1661 4334 ac
1688 4265 1808 4337 nervis
1831 4265 2031 4337 tuebimur:
2067 4261 2176 4331 males

117 4385 220 4444 runt.
270 4369 379 4466 Quod
403 4382 522 4443 autem
543 4367 658 4465 aliqui
675 4368 836 4438 reserant
849 4377 1026 4438 vetustam
1044 4365 1118 4437 ori-
1168 4366 1394 4438 consulemus
1416 4366 1605 4438 universae
1629 4367 1841 4461 posteritati.
1906 4366 2030 4438 Minus
2052 4363 2161 4436 ctiam

116 4475 242 4570 ginem
269 4476 493 4546 Francorum
520 4472 660 4566 Regum
692 4472 739 4541 ad
765 4470 990 4553 Germanos,
1027 4465 1117 4540 baec
1167 4480 1315 4538 movent
1337 4493 1395 4538 me
1415 4469 1477 4539 illa
1501 4469 1657 4561 gloriosa
1684 4471 1861 4564 promissa
1886 4472 1931 4541 de
1953 4470 2048 4542 bello
2066 4467 2163 4540 Tur·

114 4579 258 4650 leviora
282 4591 386 4664 sunt,
420 4601 529 4673 quam
552 4589 594 4657 ut
613 4574 794 4668 principes
815 4585 916 4644 tanta
939 4558 1114 4665 sapientiai
1167 4571 1216 4642 cis
1236 4571 1436 4644 inferendo.
1487 4570 1665 4669 Equidem
1690 4597 1846 4666 agnosco
1868 4572 2160 4645 coniunctionem

116 4696 160 4755 et
182 4681 356 4776 gravitate
379 4681 563 4774 praeditos
587 4702 734 4749 movere
756 4677 922 4749 debeant.
973 4674 1116 4748 Consti·
1167 4674 1403 4760 Germaniae,
1428 4673 1572 4761 ltaliae,
1603 4691 1638 4748 et
1657 4675 1818 4763 Galliae,
1843 4699 2015 4770 maguum
2042 4697 2084 4743 ac
2101 4697 2161 4746 sa·

115 4785 215 4860 tutio
229 4786 387 4880 postulat
403 4785 511 4861 talem
529 4783 632 4876 eligi,
657 4779 720 4878 qui
739 4804 822 4853 vere
837 4781 886 4854 sit
901 4775 1028 4851 haeres
1049 4779 1116 4850 ali·
1165 4778 1282 4850 lutare
1310 4778 1529 4872 praesidium
1550 4777 1722 4874 Europae
1741 4805 1838 4865 esse,
1870 4781 1901 4852 si
1923 4779 2004 4875 quis
2022 4789 2164 4848 teneret

115 4889 224 4962 cuius
252 4886 419 4974 ditionis,
452 4909 546 4983 quae
569 4882 655 4958 huie
675 4898 800 4958 nostro
820 4881 978 4976 Imperio
999 4895 1119 4976 paret.
1165 4893 1310 4976 pacatas
1337 4894 1375 4953 et
1395 4883 1612 4957 obedientes.
1686 4884 1757 4955 Sed
1780 4881 1904 4955 Gallus
1923 4876 2014 4951 nibil
2037 4899 2163 4971 gerere

115 4993 270 5090 Alioqui
294 4992 325 5065 si
345 4993 429 5064 illae
444 5004 583 5068 veteres
597 4990 740 5060 tabulae
756 4987 870 5061 Gallis
886 4987 1115 5082 patrocium
1166 4987 1338 5058 adversus
1374 4984 1513 5060 'luceas
1545 5000 1608 5058 aut
1638 4986 1755 5070 volet,
1801 4982 2046 5075 amputarit,
2089 4981 2161 5055 uisi

116 5111 202 5182 tur,
227 5095 377 5192 perinde
392 5107 565 5188 poterunt
587 5093 752 5164 a'l'urcis
765 5091 916 5163 Troiam
938 5103 1115 5185 repetere,
1166 5089 1267 5183 prius
1293 5089 1439 5162 domitis
1460 5089 1498 5160 in
1514 5089 1708 5161 Germania
1723 5087 1862 5181 Belgis,
1895 5081 2053 5156 initalia
2072 5104 2167 5156 vero

118 5212 230 5296 atque
259 5198 409 5270 anobis
435 5197 644 5292 imperium:
667 5195 772 5291 quia
797 5191 988 5290 perbibent
1009 5216 1047 5266 se
1068 5195 1118 5264 ab
1166 5203 1375 5286 temperata
1390 5191 1558 5286 Neapoli.
1610 5193 1682 5264 llas
1700 5194 1746 5263 ad
1768 5215 1824 5263 res
1842 5189 2159 5272 armareGallum‚

117 5303 286 5378 Hectoris
320 5303 394 5373 lilio
428 5315 528 5373 ortos
559 5325 645 5371 esse.
705 5298 796 5370 Cum
829 5299 939 5390 igitur
966 5309 1114 5382 constet,
1166 5293 1236 5368 boc
1259 5309 1334 5382 est,
1360 5291 1407 5366 ad
1428 5297 1570 5368 crudele
1590 5294 1785 5378 bellumin
1801 5295 1880 5388 ipso
1897 5293 2052 5387 imperio
2067 5291 2164 5362 cxci-²

119 5408 263 5480 excludi
286 5407 466 5496 Gallicum
500 5405 635 5496 Regem
669 5401 924 5474 constitutione
946 5399 1114 5494 publiea,
1166 5403 1330 5486 tandum,
1353 5413 1477 5472 nostra
1494 5399 1668 5472 autoritas
1683 5420 1914 5494 nequaquam
1930 5397 2046 5469 debet.
2084 5393 2160 5466 lllec

120 5537 235 5608 quam
250 5509 359 5581 iurati
375 5510 413 5580 in
429 5503 602 5580 electione
618 5506 821 5602 sequimur:
847 5501 938 5576 nibil
955 5529 1045 5598 opus
1063 5517 1115 5577 est
1166 5519 1231 5591 est,
1248 5505 1346 5599 quod
1361 5499 1453 5574 mibi
1467 5503 1658 5599 quisquam
1676 5501 1822 5574 obiiciat
1838 5497 2028 5573 vaticinari
2040 5519 2098 5568 me
2113 5496 2160 5566 de
