4864 5966
109 271 189 345 aoo
782 263 903 340 actu
955 261 1223 402 mausum
1253 261 1494 338 nonanta.
2038 201 2162 358 ,lab

114 440 228 512 Piscis
239 441 278 510 in
293 441 482 536 aequoreis
498 452 615 531 perte
633 461 707 509 non
721 438 851 509 intecit
860 418 981 523 undis,

168 541 310 612 lnvenit
322 555 357 612 et
375 555 605 636 mutoquem
621 541 718 632 legat
734 565 799 612 ors
816 541 948 625 cibum,
1057 579 1062 589 ·

1169 437 1217 509 At
1232 435 1298 510 nos
1313 459 1403 529 opus
1413 437 1605 529 proprium
1621 437 1754 529 patris,
1779 430 1928 532 pulchre
1942 431 2078 530 lictum,

1218 540 1330 635 Queis
1347 553 1465 610 mente
1480 563 1550 608 vor
1567 540 1639 608 ab
1627 541 1754 610 intima

113 644 301 740 Quicquid
333 638 447 714 habet¹
474 645 600 730 tellus,
643 667 710 739 per
735 653 769 714 te
796 651 906 736 genus
933 667 1040 716 omne
1064 645 1114 714 se·
1167 642 1294 727 Venit,
1318 665 1384 712 nec
1401 666 1463 713 ore
1480 642 1640 714 nascitur
1656 639 1774 714 inanis
1790 668 1944 718 summo.
1990 650 1994 658 '

169 847 211 918 ln
227 846 418 940 praefinito
431 846 523 920 vivit
542 846 686 942 agitque
696 769 833 920 llslllm⁴
920 798 924 810 ·

114 949 213 1021 Vere
227 973 323 1020 novo
340 973 489 1041 serpens
509 951 605 1020 cavis
621 951 948 1043 prosihilatrantbis.

1165 805 1166 810 ,
1217 745 1293 819 Νοι
1310 743 1522 842 ergoquid?
1548 743 1771 818 tacebimus?

1165 847 1213 919 Et
1227 845 1360 919 hancce
1375 850 1519 918 laudem
1533 848 1655 920 bestiis
1672 848 1933 921 concedemus?
1974 844 1977 852 ’

1218 949 1372 1022 Oturba
1390 951 1569 1043 particeps
1586 949 1667 1034 Dei,
1702 987 1706 997 ·

168 1053 265 1123 Ante
280 1065 402 1121 tamen
416 1053 568 1122 brumae
586 1054 738 1144 frigore,
765 1050 1037 1138 nutrithumus,
1167 1053 1319 1124 Minime
1335 1053 1552 1138 tacebimus,
1577 1055 1760 1124 decetnos
1777 1065 1959 1144 praestare
2007 1067 2010 1074 '

114 1157 219 1250 Quid
246 1178 464 1279 memorem,
496 1151 606 1239 nihil,
646 1169 851 1248 contempta
886 1155 1115 1238 animalcula,
1217 1155 1359 1240 Brutis,
1386 1159 1605 1226 decetnatos
1622 1177 1726 1226 suum
1814 1190 1817 1198 ·

685 1283 836 1343 vermes,

169 1358 212 1432 ln
231 1361 347 1442 lerro,
374 1359 488 1444 saxis,
515 1360 700 1458 gramine,
725 1361 875 1446 fronde,
899 1360 989 1449 luto,
1033 1443 1046 1453 Ι,

1168 1257 1295 1329 Colere
1313 1271 1519 1350 parentem,
1545 1258 1679 1350 gratias
1694 1281 1800 1350 agere
1817 1281 1979 1350 magnas,

1218 1361 1463 1456 Femoreque,
1489 1385 1649 1480 voceque
1667 1361 1846 1446 unanimi,

109 1463 175 1534 En
193 1459 345 1555 dapibus
359 1461 473 1553 plenis
489 1487 642 1554 parvus,
670 1476 730 1533 tua
749 1413 921 1547 numiila,
948 1463 1091 1548 mensis,
1167 1463 1242 1535 Pro
1255 1477 1310 1533 tot
1322 1465 1522 1548 beneficiis,
1548 1477 1583 1534 et
1599 1463 1799 1536 innumeris
1815 1465 1933 1546 donis,

167 1565 266 1637 Grex
281 1577 386 1634 vocat
402 1565 531 1633 infanti
548 1577 583 1633 te
602 1565 698 1634 canit
716 1591 777 1634 ore
794 1561 924 1649 Deum,

111 1667 193 1761 Qui
208 1669 319 1738 iactos
338 1667 423 1737 facis
440 1691 513 1738 esse
530 1674 630 1751 tuos,
656 1693 747 1763 quos
765 1671 893 1738 educat
908 1668 1001 1738 alma

169 1769 348 1853 Dextera,
372 1765 428 1840 his
443 1783 618 1862 perpetuo
633 1771 689 1840 iac
705 1784 808 1862 pater
825 1795 899 1843 esse
913 1769 1012 1840 velis.

456 1991 573 2062 Puer
607 1991 782 2064 tamias.

110 2128 316 2220 Postquam
345 2137 508 2220 exempta
536 2127 668 2208 fames,
704 2127 889 2246 epulisque
913 2075 1034 2220 iugata
1062 2152 1117 2197 re·

169 2330 228 2401 Ad
243 2280 402 2402 studium
417 2333 539 2402 redeat
553 2230 824 2422 pamma
846 2356 964 2404 suum.

110 2431 176 2505 Da
202 2445 325 2526 pater,
358 2434 449 2519 alta,
484 2447 548 2504 tuo
574 2433 639 2503 tibi
661 2456 831 2518 munere,
864 2457 1018 2527 corpora
1043 2457 1116 2504 cre·

686 2549 787 2607 scant

170 2637 254 2708 Una
275 2637 321 2707 sit
335 2637 528 2730 imperium
546 2660 631 2709 cuca
650 2637 780 2709 obiisse
788 2591 911 2710 laum.

110 2741 203 2814 Neu
227 2753 287 2811 tua
310 2764 389 2812 cnm
410 2751 668 2822 merestona,
692 2734 790 2811 band
806 2753 867 2812 tua
884 2741 979 2814 iussa
996 2763 1116 2833 capes-

686 2856 778 2914 sant.

171 2943 281 3037 Quod
299 2943 423 3014 iubeas
438 2943 591 3027 iaciant,
617 2945 787 3038 quodque
803 2957 900 3015 vetes
914 2943 1065 3036 fugiant.

111 3048 177 3118 Sic
192 3048 231 3116 in
247 3046 419 3116 concordi
435 3049 543 3138 degat
555 3067 658 3119 mens
674 3070 846 3140 corpore,
871 3059 993 3118 elena

119 3239 121 3242 Ι
169 3147 390 3232 Conveniet,
416 3148 596 3220 tecum-sit
611 3149 687 3220 sine
703 3151 775 3220 bne
792 3151 881 3223 dies.

256 3381 262 3388 '
292 3429 300 3436 .
412 3362 589 3438 Chorus
615 3369 827 3459 puerilis.

110 3509 252 3580 Adesto
268 3527 380 3597 parve
398 3526 503 3595 grex,
530 3502 643 3596 patris
658 3505 779 3596 magni
796 3505 929 3598 proles,

171 3607 296 3700 Magni
313 3605 455 3696 patris,
471 3604 594 3697 magni
609 3603 689 3676 Dei.

111 3707 264 3786 Christo
284 3732 405 3792 sacer,
429 3709 582 3802 ducique
600 3703 744 3780 Christo
761 3713 924 3794 devotus,

167 3811 343 3882 Dicamus
358 3811 482 3881 laudes
498 3810 653 3893 numini,

108 3916 252 3986 Versus
268 3936 439 3984 canamus
455 3913 615 3982 blaesulo
634 3913 730 3984 leves
750 3938 825 3997 ore,

168 4017 349 4099 Carmen,
375 4015 508 4098 melos,
535 4009 820 4110 cythara,'lyra.

108 4121 174 4193 En
192 4118 411 4212 perbenigne
426 4119 547 4186 debito
564 4116 644 4186 cibo
662 4119 810 4210 accepti,
843 4151 845 4156 ¹

167 4221 363 4306 Redimus,
391 4233 426 4290 et
441 4216 532 4289 nihil
545 4220 656 4291 deest

108 4325 234 4420 Igitur
251 4348 333 4395 aves
354 4334 506 4395 sonante
523 4335 667 4414 gutture
685 4323 853 4394 coelestes

170 4425 362 4520 Complere
377 4438 553 4496 certantes
572 4427 713 4533 domos,

107 4533 270 4606 Sursum
285 4533 453 4636 deorsum
470 4527 567 4597 etin
572 4521 667 4600 vices
680 4529 954 4621 provolitantes,

168 4633 243 4704 Se
232 4627 328 4725 ipsos
340 4630 575 4704 studentes'
539 4654 697 4717 vincere,

106 4739 268 4811 Frustra
284 4736 467 4818 videmus,
495 4744 530 4804 et
544 4735 638 4804 ieras
652 4757 715 4806 sua
732 4758 821 4805 voce

168 4838 335 4910 Faterier
351 4836 515 4930 opificem
533 4833 678 4906 Deum?

107 4944 264 5016 Mutum
281 4936 393 5024 nihil,
419 4939 567 5010 tacitum
585 4935 697 5024 nihil,
724 4951 851 5010 cuncta
870 4963 1012 5025 sonare,

168 5044 245 5116 Aut
257 5042 357 5136 signa
376 5043 475 5114 vocis
489 5043 606 5113 edere.

107 5149 169 5222 Ut
185 5147 252 5219 sub
267 5145 445 5240 profundi·
454 5143 613 5216 fluminis
628 5143 727 5236 vagis
742 5143 862 5230 undis,

27 5273 31 5280 ·
169 5249 301 5322 Laevia
316 5249 399 5320 salit
412 5271 497 5340 gens
512 5247 678 5340 piscium.

108 5355 165 5427 Et
181 5377 257 5426 sese
272 5353 311 5422 in
327 5375 435 5424 auras
450 5351 578 5436 librat,
605 5371 647 5418 ac
661 5346 789 5441 recipit
801 5347 912 5422 intro.

169 5455 220 5528 Et
237 5481 310 5552 quo
326 5456 453 5539 datur,
478 5453 602 5524 laudat
615 5449 746 5525 Deum.

1219 1565 1359 1660 Quibus
1375 1567 1436 1637 ille
1452 1591 1520 1638 nos
1539 1567 1766 1638 condecorat.

1168 1669 1277 1761 Qiiod
1296 1672 1474 1745 vescimur
1487 1669 1675 1754 vitalibus,
1699 1663 1887 1753 homines,
1904 1644 2068 1754 auris,

1218 1770 1410 1844 Primum
1399 1771 1509 1865 ipsius
1524 1768 1595 1842 hoc
1609 1796 1740 1844 munus
1758 1784 1822 1844 est.

1168 1870 1263 1944 Dein
1279 1875 1411 1970 quod'
1400 1899 1517 1968 ipsum
1538 1873 1751 1966 agnovimus
1767 1875 1884 1947 solum
1902 1897 2051 1960 numen,

1219 1975 1438 2050 Beneficium
1456 1989 1509 2049 est
1524 1978 1753 2070 primarium.
1784 1977 1789 1996 ¹

1168 2075 1323 2151 Pulcher
1341 2083 1441 2176 quod
1455 2103 1577 2164 sexus,
1602 2076 1701 2150 haud
1717 2103 1775 2152 res
1789 2081 2004 2174 spernenda.

1192 2181 1294 2265 Nec
1311 2207 1395 2254 saxa
1412 2207 1557 2277 snmus,
1584 2195 1648 2278 aut
1660 2183 1811 2280 stipites.
1820 2255 1823 2268 ,
1851 2256 1855 2272 ,
1916 2249 1922 2258 .

1152 2251 1278 2377 Quod
1292 2288 1387 2356 unde
1403 2287 1572 2368 edamus,
1599 2286 1813 2370 vestiamus,
1837 2297 1909 2369 est,
1935 2281 2103 2368 confert,
2143 2340 2148 2355 .

1218 2384 1267 2457 Et
1282 2387 1457 2458 discemus
1473 2388 1571 2481 quod
1586 2386 1734 2470 litteras,

1167 2487 1244 2560 Nec
1257 2491 1418 2582 degimus
1434 2487 1594 2583 bonique
1614 2488 1773 2582 malique
1788 2490 1955 2582 ignarum
1970 2511 2113 2558 aevum.

1219 2591 1314 2665 Num
1331 2592 1446 2663 laudis
1461 2603 1514 2661 est
1528 2590 1694 2662 occasio?

1168 2694 1291 2789 Quare
1305 2696 1399 2786 agite
1416 2717 1485 2785 pro
1500 2718 1537 2764 se
1552 2694 1704 2788 quisquc
1722 2693 1972 2764 concelebrato

1169 2819 1174 2830 “
1219 2797 1360 2892 Quibus
1376 2808 1493 2889 potest
1507 2811 1644 2888 patrem
1666 2797 1784 2868 modis

1169 2899 1217 2970 Et
1233 2902 1278 2970 ad
1297 2925 1401 2972 suum
1415 2901 1540 2968 redeat
1555 2922 1647 2990 opus
1664 2899 1775 2968 alacri
1791 2909 1925 2970 mente.

1220 3001 1278 3074 Sic
1292 3004 1342 3073 sic
1357 3015 1460 3094 pater
1475 3013 1597 3072 noster
1612 3001 1722 3074 iubet.

1333 3189 1421 3260 Sub
1445 3191 1681 3295 vesperam
1708 3188 1997 3260 lcoimiticon.

1168 3325 1273 3398 Nunc
1288 3325 1461 3408 cubitum,
1484 3326 1658 3419 qnoniam
1672 3347 1802 3415 magna
1816 3335 1869 3396 est
1885 3347 1969 3417 pars
1986 3336 2062 3394 acta
2080 3324 2165 3409 diei,

1218 3426 1479 3522 Tenebraeque
1495 3439 1609 3497 terras
1624 3439 1811 3519 occupant,

1140 3503 1144 3614 l
1167 3527 1264 3600 lmus
1283 3530 1435 3625 quisque
1452 3554 1534 3601 suas
1551 3529 1678 3612 aedes,
1701 3551 1885 3622 pensoque
1908 3527 2028 3598 soluto

1220 3631 1353 3702 Curam
1370 3630 1443 3702 diei
1458 3631 1639 3724 ponimus.

1166 3735 1273 3807 Nunc
1286 3735 1457 3828 propria,
1484 3733 1647 3825 opueti,
1673 3731 1874 3804 occursabit
1889 3732 2015 3804 mortis
2028 3732 2161 3824 imago.

1219 3837 1401 3908 Germana
1419 3837 1505 3906 laeti
1519 3830 1608 3907 haec
1626 3846 1678 3906 cst
1695 3835 1806 3929 quies.

1167 3938 1302 4012 Discite
1318 3965 1385 4012 vos
1397 3939 1511 4031 patri,
1539 3940 1667 4034 quanti
1681 3937 1783 4022 estis,
1810 3939 1954 4009 credere
1970 3950 2102 4009 vestro.

1219 4041 1401 4128 Periistis,
1425 4039 1485 4112 hic
1504 4042 1535 4114 si
1549 4041 1716 4133 negligat.

1166 4143 1327 4236 Exiguus
1343 4158 1451 4216 restat
1467 4141 1681 4218 dehiscentis
1694 4143 1840 4235 spiritus
1857 4143 1943 4224 otis,

1219 4248 1321 4318 Mors
1335 4259 1479 4340 praeter
1493 4243 1591 4318 hunc
1604 4247 1794 4338 ipsissima.

1168 4349 1265 4443 Ergo
1281 4350 1381 4445 prins
1398 4350 1511 4421 dulcis
1525 4373 1635 4443 quam
1652 4348 1795 4418 claudat
1807 4343 1946 4416 lumina
1967 4366 2140 4429 somnus,

1218 4452 1267 4523 Et
1281 4455 1368 4524 fessa
1386 4453 1547 4522 membra
1564 4463 1712 4534 recreet,

1168 4555 1227 4628 sic
1240 4555 1392 4648 geminis
1406 4578 1546 4626 sursum
1565 4556 1609 4623 ad
1625 4551 1808 4623 nascentia
1827 4548 1944 4622 sidera
1957 4547 2088 4642 palmis

1219 4657 1368 4743 Tensis,
1394 4655 1593 4748 precamini
1613 4655 1750 4726 Deum:

1166 4761 1224 4834 Da
1250 4775 1373 4855 pater,
1405 4758 1500 4831 hanc
1525 4759 1666 4829 facilem
1694 4767 1818 4846 carpat
1839 4777 1942 4825 mens
1964 4752 2058 4822 laeta
2084 4749 2164 4844 qni-

1736 4872 1843 4941 elem,

1218 4967 1266 5039 Et
1282 4967 1320 5036 in
1337 4966 1417 5038 sinu
1433 4977 1615 5036 aeternam
1634 4976 1710 5035 tuo.

1432 5153 1494 5224 De
1521 5155 1649 5226 cultu
1676 5152 1899 5247 corporis.

1552 5273 1606 5345 Er
1632 5275 1778 5346 Ovidio.

1169 5407 1241 5476 (ute
1259 5411 1340 5462 locos
1352 5409 1557 5475 compleetltsr
1569 5409 1652 5463 osse
1667 5407 1734 5460 ars.
1747 5407 1838 5460 anst.
1852 5405 1878 5471 Ι,
1889 5401 2048 5456 dli-m.
2063 5400 2094 5456 el
2103 5399 2164 5470 m,

1143 5484 1146 5527 Ι
1168 5479 1229 5532 m.
1248 5481 1306 5530 ³⁰⁰.
1325 5479 1415 5530 756-
1426 5479 1504 5544 vlu,
1529 5480 1624 5542 totque
1642 5479 1788 5543 leuandus.
1825 5479 1960 5542 Quatoor
1977 5476 2076 5526 culm
2093 5485 2164 5528 rer-
