4920 5956
122 215 196 321 gos
752 187 1571 325 noorrruaursaovonu.1-rc'
2077 217 2154 344 soa
2257 315 2262 324 Ι

123 407 219 467 mum
234 383 394 461 Balsami
406 381 566 473 bortum,
581 387 716 490 alioqui
732 415 817 464 vero
829 407 979 488 propter
994 394 1109 486 ipsam
1124 391 1129 398 '
1162 415 1238 476 scs,
1264 388 1451 484 coniugem
1469 387 1613 486 vestigia
1631 401 1693 462 tua
1708 411 1803 484 ponc
1818 388 2014 480 legentem,
2040 399 2077 457 et
2092 401 2155 482 aut

121 489 338 567 fertilitatem
362 487 517 564 obnoxia
535 489 820 568 latrunculorum
837 493 1036 571 vicinorum
1056 495 1111 568 in·
1163 493 1348 586 gravidam
1366 515 1541 587 aegreque
1558 490 1782 564 incedentem
1800 491 1985 588 conqueri,
2011 503 2078 584 aut
2088 489 2154 573 sub

122 591 361 683 cursionibuc,
386 618 433 666 ne
457 594 596 668 incolae
613 595 682 668 loci
698 595 794 672 illius
811 598 974 692 occupati
991 600 1110 670 deme·
1163 598 1322 701 pondere
1342 620 1465 666 recens
1488 593 1574 666 editi
1592 593 1735 666 infantis
1752 594 1982 686 ingemiscere
1999 590 2155 664 audiris·
2206 635 2207 638 =

122 691 232 768 tendis
248 707 283 766 et
296 695 535 789 importendis
550 697 732 792 frugibus,
758 699 925 790 inermes,
947 714 1109 804 tempore
1162 723 1234 782 scs;
1261 699 1415 798 denique
1439 715 1566 772 omues
1589 710 1670 775 tuos
1694 695 1840 770 vidisses
1863 693 2155 784 consternatione

81 774 240 870 lirnessis
267 797 392 879 subito
425 799 464 870 in
497 799 591 894 agris
618 805 911 895 opprimerentur
935 829 956 874 a
984 803 1109 876 vicinis
1160 801 1335 895 pallentes
1357 813 1392 870 et
1416 800 1655 894 trepidantes,
1681 825 1723 870 ac
1736 799 1779 870 de
1795 801 1866 871 fine
1881 799 2104 892 periculosae
2119 811 2155 869 et

118 899 397 1000 grassatoribus,
420 903 621 990 Arabibus,
646 905 817 978 Moabitis
833 921 868 980 et
885 907 976 980 aliis.
1162 927 1309 1000 asperae
1328 902 1406 1002 piae
1421 903 1572 974 subinde
1588 900 1832 976 sciscitantes?
1868 899 2001 974 Nonne
2017 897 2155 1003 probis

217 999 286 1076 sea
315 997 411 1077 hunc
433 1002 550 1100 ipsum
575 1019 658 1078 onte
680 1001 749 1082 hoc
771 1021 911 1103 tempus
935 1008 1107 1080 invictum
1160 1005 1352 1092 sollicitus,
1378 1007 1504 1078 crebro
1526 1007 1696 1079 adversus
1717 1005 1853 1081 flumen
1872 1006 1919 1074 ad
1932 1005 2032 1075 illam
2050 1002 2155 1076 terri·

119 1128 280 1190 murum,
316 1101 507 1203 ¹Iordanem
541 1109 725 1197 videlicet,
764 1113 971 1208 plenissimo
989 1103 1107 1182 'alveo
1159 1107 1268 1180 bilem
1292 1109 1424 1180 molem
1447 1122 1675 1198 coacervatae
1699 1107 1738 1181 in
1759 1106 1976 1180 immensam
1996 1105 2155 1178 altitudi-

117 1205 285 1278 fluentem
305 1221 342 1278 et
360 1214 623 1300 exundantem,
657 1211 754 1288 Deus
774 1240 840 1289 suo
864 1214 1000 1309 populo
1023 1228 1108 1288 tunc
1160 1236 1244 1282 nem
1278 1235 1413 1305 aquae,
1454 1234 1596 1303 semper
1629 1210 1773 1282 ruinam
1804 1208 1997 1298 minantis,
2031 1209 2155 1282 oculos

116 1309 279 1402 pervium
302 1309 385 1382 lecit
404 1311 477 1400 ita,
501 1327 542 1387 ut
557 1325 674 1386 stante
690 1329 725 1388 et
744 1319 966 1390 accumulata
986 1317 1023 1388 iri
1040 1316 1107 1388 im·
1160 1315 1389 1400 coniecisses,
1422 1327 1457 1384 et
1480 1313 1631 1386 subinde
1656 1313 1899 1406 explorassas,
1924 1338 2012 1382 num
2025 1309 2156 1410 'adbuc

117 1435 276 1484 mensam
299 1413 432 1484 molem
454 1439 548 1513 aqua
571 1417 733 1510 superius
750 1421 1046 1504 versusluntem,
1072 1431 1107 1488 et
1160 1415 1240 1488 loco
1270 1441 1336 1490 suo
1367 1430 1483 1487 erecta
1509 1440 1603 1514 aqna
1629 1415 1826 1489 consistat?
1885 1411 2016 1488 Nonne
2041 1396 2154 1488 oculis

116 1513 250 1610 reliqua
270 1515 440 1600 inferiore
457 1543 549 1616 aqua
565 1519 742 1592 defluente
762 1523 799 1592 in
821 1524 938 1593 lacum
954 1519 1106 1621 Asplral·
1159 1520 1263 1590 anxie
1285 1519 1512 1592 intervallum
1535 1518 1718 1596 ulterioris
1740 1519 1843 1614 ripae
1866 1519 1992 1591 fuisses
2016 1518 2155 1609 dimen-

116 1615 214 1702 titen,
241 1616 397 1690 Hebraei
411 1619 511 1693 siccis
529 1623 680 1715 pedibus
697 1625 849 1697 transire
867 1637 1023 1719 possent.
1058 1624 1106 1694 At
1158 1647 1236 1708 sus,
1269 1634 1304 1691 et
1325 1624 1577 1716 perlustrasses
1602 1621 1724 1692 omnia
1748 1621 1826 1692 loca
1852 1623 2037 1715 opposita,
2064 1636 2154 1692 num

113 1731 246 1814 quanta
263 1721 474 1794 multitudo!
509 1723 644 1797 'l'extus
657 1727 787 1798 diserte
805 1727 934 1824 iuquit,
955 1753 973 1796 a
989 1727 1105 1798 Moise
1158 1725 1238 1819 quis
1259 1718 1399 1796 hostilis
1421 1725 1595 1796 exercitus
1619 1749 1663 1797 es
1679 1722 1799 1797 vicino
1817 1727 1953 1818 oppido
1969 1719 2154 1810 Hiericho,

114 1832 148 1888 et
168 1821 280 1892 tratre
300 1823 432 1896 iterum
455 1841 647 1900 numerato
670 1831 805 1924 populo
826 1829 898 1900 iam
920 1853 1104 1901 accessuro
1158 1840 1221 1898 aut
1246 1827 1393 1900 aliunde
1415 1829 1461 1897 ad
1485 1825 1603 1919 ripam
1627 1827 1764 1900 infestis
1789 1826 1900 1898 armis
1923 1826 2153 1898 occurreret?

114 1923 157 1991 ad
172 1919 385 2012 Iordanem,
411 1929 556 2000 inventa
572 1956 646 2003 esse
661 1946 823 2004 sexcenta
845 1945 881 2004 et
897 1958 1009 2004 unum
1025 1931 1105 2003 mil·
1156 1927 1286 2002 Nonne
1309 1930 1465 2026 denique
1486 1951 1630 2000 omnem
1656 1929 1947 2024 praecedentium
1962 1929 2153 2015 incessum,

111 2022 156 2094 lia
182 2027 344 2098 virorum
373 2031 619 2104 excedentium
642 2035 852 2108 vicesimum
886 2035 1013 2107 aetatis
1038 2059 1105 2106 an·
1156 2045 1192 2102 et
1214 2044 1359 2104 tuorum
1385 2033 1492 2105 etiam
1511 2032 1683 2102 comitum
1702 2035 1876 2126 gradum,
1902 2033 2153 2118 utnimistar-

112 2151 207 2201 uum.
239 2125 317 2200 lam
333 2133 449 2226 cogita
466 2147 605 2208 coetum
622 2138 836 2224 mulierum,
862 2138 1104 2232 impuberum,
1156 2136 1242 2204 dum
1276 2135 1315 2204 in
1348 2148 1449 2205 tanto
1476 2133 1637 2228 periculo
1664 2135 1905 2231 increpasses,
1947 2148 1983 2205 et
2008 2120 2149 2206 moraris

111 2231 393 2326 mancipiorum,
428 2237 671 2326 advenarum,
703 2242 766 2336 qui
793 2266 830 2312 se
853 2236 1023 2315 israelitis
1045 2265 1103 2310 ex·
1155 2235 1386 2330 castigasses?
1443 2236 1584 2308 Deinde
1614 2237 1678 2308 ubi
1700 2261 1782 2310 cum
1806 2251 1883 2310 tota
1906 2230 2151 2324 multitudine,

111 2335 275 2406 euntibus
298 2335 579 2428 coniunxerant,
605 2355 640 2427 et
662 2355 847 2434 praeterea
867 2342 1025 2436 ingentia
1046 2366 1103 2412 ar·
1155 2351 1191 2409 et
1212 2364 1294 2412 curn
1316 2353 1379 2410 tua
1402 2338 1538 2410 familia
1563 2339 1775 2426 incolumis,
1799 2339 1838 2410 in
1861 2339 2012 2414 alteram
2029 2340 2150 2437 ripam

110 2449 228 2506 menta
248 2437 509 2524 iumentorum.
559 2443 657 2514 Haec
679 2457 778 2516 taum
802 2445 996 2517 multitudo
1020 2470 1101 2516 cum
1154 2441 1374 2527 emersisses,
1400 2455 1436 2512 et
1450 2453 1574 2536 postca
1591 2441 1759 2531 vidisses,
1785 2465 1867 2514 arca
1885 2467 1929 2530 ex
1942 2443 2065 2516 medio
2082 2444 2149 2549 tlu-

110 2549 162 2608 tot
178 2564 220 2610 ac
237 2541 346 2613 tantis
362 2541 647 2638 impedimentis,
673 2572 749 2618 non
767 2549 887 2641 potuit
901 2548 1020 2621 subito
1036 2571 1102 2641 per
1154 2545 1262 2617 minis
1291 2544 1386 2615 vado
1411 2545 1450 2614 in
1473 2557 1591 2616 tntum
1613 2542 1733 2618 locum
1759 2558 1967 2640 reportata,
1999 2541 2147 2618 omn'em

110 2643 240 2712 vadum
262 2642 421 2717 fluminis
438 2660 703 2736 transcurrere,
734 2653 796 2724 sed
811 2646 908 2721 baud
924 2651 1031 2725 dubie
1046 2651 1102 2720 in·
1153 2647 1253 2716 illam
1266 2648 1481 2739 pendentem
1495 2646 1596 2740 prius
1609 2649 1819 2720 admodum
1835 2649 2030 2722 altissimae
2045 2647 2147 2744 rupis

109 2745 267 2818 terccssit
281 2771 385 2816 mora
404 2752 599 2822 nrnltarum
616 2750 811 2836 horarum,
840 2754 896 2822 vel
911 2755 1031 2847 potius
1046 2765 1101 2821 to·
1153 2771 1284 2845 aquarn
1307 2751 1428 2823 subito
1444 2749 1642 2843 collapsam
1666 2775 1748 2822 cnm
1773 2751 1912 2846 impetu
1927 2755 2084 2838 irruere,
2106 2737 2148 2822 et

108 2843 176 2917 tius
208 2847 302 2932 diei,
336 2850 451 2921 donec
483 2855 756 2926 innumerabilis
786 2851 876 2926 baec
906 2856 1099 2930 multitudo
1152 2876 1228 2922 non
1250 2854 1361 2923 modo
1386 2849 1503 2927 totum
1525 2853 1687 2939 alveum,
1710 2854 1772 2927 sed
1796 2855 1904 2926 etiam
1924 2853 2004 2924 loca
2024 2853 2145 2926 vicina

97 2949 225 3022 'omnis
251 2953 395 3022 traduci
418 2955 556 3047 potuit,
590 2982 663 3054 quo
687 2969 766 3028 toto
788 2971 952 3051 tempore
978 2972 1098 3028 tamen
1151 2953 1222 3025 late
1244 2953 1426 3052 implere,
1441 2968 1478 3026 et
1497 2955 1605 3026 obvia
1630 2979 1793 3054 quaeque
1812 2971 1989 3040 sternere,
2022 2981 2145 3028 nonne

107 3073 247 3146 semper
279 3053 392 3126 moles
413 3056 474 3128 illa
498 3081 676 3154 aquarum
701 3060 740 3130 ib
761 3061 905 3132 sublimi
927 3061 1100 3132 divinitus
1152 3051 1220 3128 Dei
1240 3056 1453 3129 immensam
1477 3057 1677 3129 bonitatem
1698 3057 1911 3134 effusissimo
1926 3057 2043 3132 cordis
2058 3084 2146 3152 gau-

107 3167 301 3226 sustentata
318 3158 435 3244 stetit,
460 3185 506 3232 ne
520 3161 712 3247 deflueret,
739 3163 912 3260 quamdiu
926 3187 1009 3234 arca
1024 3165 1099 3234 loe-
1150 3161 1234 3244 dio,
1258 3161 1426 3256 claraque
1444 3185 1531 3232 voce
1548 3159 1815 3254 praedicasses?
1840 3173 1993 3258 tuosque
2010 3161 2145 3234 liberos

107 3256 200 3336 deris
216 3258 256 3328 iu
271 3259 391 3331 medio
407 3265 501 3334 vado
516 3262 680 3337 lordanis
696 3265 922 3337 consistebat.
1151 3263 1198 3334 ad
1220 3264 1362 3334 easdem
1384 3275 1505 3356 partes
1528 3263 1685 3334 laetitiae
1707 3277 1742 3334 et
1766 3265 1965 3355 gratiarum
1991 3265 2144 3336 actionis

206 3357 261 3430 lta
278 3366 451 3460 temporis
466 3387 613 3462 (proque
627 3367 866 3438 consideratio
883 3367 1099 3461 magnitudi·
1151 3363 1284 3438 crebris
1303 3365 1450 3460 monitis
1475 3363 1662 3438 vocasses?
1692 3377 1729 3436 et
1749 3360 1845 3438 hunc
1861 3365 1957 3436 diem
1975 3367 2144 3438 omnibus

106 3484 188 3531 nem
203 3463 369 3535 miraculi
383 3462 490 3550 buius
504 3469 702 3562 plurimum
719 3483 836 3562 auget.
1151 3467 1255 3541 annis
1283 3465 1377 3542 vitae
1407 3467 1516 3542 totius
1541 3467 1732 3562 diligenter
1753 3469 1956 3553 observari,
1992 3481 2028 3539 et
2052 3467 2143 3540 cele·

207 3565 279 3636 Sed
297 3566 328 3638 si
342 3569 437 3640 diem
456 3571 563 3640 etiam
580 3571 704 3644 audias
719 3573 920 3657 nominari,
948 3597 1021 3670 quo
1034 3594 1099 3666 po·
1150 3568 1250 3644 brari
1272 3583 1373 3664 grata
1396 3571 1571 3642 memoria
1593 3572 1641 3642 ob
1664 3583 1738 3642 tam
1762 3570 1940 3665 insignem
1959 3568 2145 3642 liberatio·

106 3667 210 3760 pulus
231 3667 395 3743 iordanis
418 3675 550 3744 vadum
575 3673 759 3760 transivit,
785 3676 900 3746 multo
925 3675 1099 3746 efficacius
1150 3697 1233 3744 nem
1250 3671 1392 3765 saepius
1407 3671 1592 3746 iussisses?
2005 3763 2006 3770 ἵ

105 3771 295 3844 tesaurum
319 3771 437 3867 ipsum
464 3788 614 3869 propter
639 3779 813 3871 temporis
826 3777 1004 3848 rationem
1021 3802 1099 3847 mo·
1253 3774 1352 3846 Haec
1372 3789 1408 3846 et
1429 3775 1498 3846 alia
1518 3775 1630 3846 multa
1654 3774 1722 3848 tibi
1746 3775 1893 3846 venient
1916 3777 1955 3849 in
1972 3790 2144 3863 mentem,

105 3873 213 3944 vobit.
272 3874 367 3947 Nem
389 3877 420 3949 si
444 3879 585 3950 decimo
610 3879 668 3950 die
695 3881 830 3954 mensis
850 3881 986 3973 Aprilis
1010 3879 1100 3950 inci-
1148 3861 1246 3950 banc
1262 3878 1389 3972 populi
1408 3879 1658 3950 liberationem
1673 3877 1917 3952 consideranti
1932 3903 1977 3950 eo
1990 3877 2068 3972 ipso
2083 3879 2143 3950 die

106 3975 168 4047 das
188 3977 231 4046 in
248 3971 455 4052 huiusmodi
473 3979 683 4054 historicum
699 3982 974 4068 calendarium,
1000 3983 1100 4054 inve·
1151 3979 1252 4064 anni,
1277 4005 1351 4078 quo
1368 3983 1460 4052 lacta
1479 4006 1552 4054 esse
1567 3980 1749 4068 scribitur,
1775 3981 1859 4078 quia
1875 3981 1952 4076 ipsa
1970 3982 2144 4080 temporis

104 4079 256 4176 uiasque
285 4079 338 4151 ibi
366 4085 600 4178 adscriptum:
645 4085 722 4155 lloc
751 4087 810 4156 die
832 4085 941 4179 primi
967 4086 1099 4159 mensis
1151 4082 1245 4154 ratio
1260 4095 1295 4152 te
1311 4084 1414 4180 quasi
1430 4085 1469 4153 in
1483 4083 1690 4156 societatem
1704 4079 1812 4156 huius
1825 4083 1996 4157 transitus
2011 4085 2144 4178 perdu-

101 4179 376 4270 liebraeorum,
410 4189 585 4280 populum
608 4185 841 4261 israeliticum
866 4213 930 4280 per
950 4190 1097 4280 plenum
1152 4186 1219 4269 cit,
1259 4187 1445 4284 multoque
1473 4187 1586 4280 magis
1614 4185 1742 4272 afficit,
1776 4208 1886 4280 quam
1912 4186 1944 4260 si
1970 4185 2047 4258 sine
2069 4185 2144 4258 diei

107 4295 143 4353 et
167 4287 409 4358 exundantem
432 4303 509 4360 tum
532 4289 730 4362 'Iordanem
756 4291 833 4364 sine
863 4291 1016 4363 navibus
1045 4290 1099 4362 iu·
1152 4288 1335 4362 mentione
1366 4290 1483 4362 obiter
1512 4301 1575 4360 aut
1598 4288 1753 4386 legeres,
1790 4301 1852 4360 aut
1875 4286 2020 4362 audires
2042 4289 2141 4360 illam

107 4387 284 4459 columem
300 4393 504 4464 traductum
521 4417 614 4465 csse:
646 4393 696 4464 ibi
710 4395 893 4464 mentione
911 4393 984 4464 diei
1001 4419 1099 4465 eom·
1152 4391 1355 4463 mirandam
1370 4387 1572 4464 historiam.

105 4493 347 4578 moneiactus,
369 4497 472 4590 quasi
488 4498 527 4567 in
540 4481 618 4567 rem
635 4509 858 4590 praesentem
878 4507 914 4566 te
929 4497 1013 4567 duci
1027 4497 1100 4568 eri·
1207 4578 1210 4588 1
1252 4493 1369 4588 Magis
1401 4495 1509 4566 etiam
1543 4491 1796 4578 delectaberis,
1820 4491 1898 4570 ,ubi
1938 4517 2143 4586 cognosces,

105 4592 288 4680 stimabis,
320 4608 356 4666 et
386 4599 671 4691 magnitudinem
703 4599 852 4692 periculi
876 4611 912 4670 et
935 4599 1100 4670 miraculi
1151 4598 1250 4694 quod
1266 4593 1449 4684 Christus,
1478 4609 1519 4668 ut
1539 4621 1605 4670 suo
1618 4595 1755 4691 populo
1771 4592 1841 4668 boc
1854 4595 1973 4688 ipsum
1989 4597 2142 4668 miraeu-

107 4693 213 4768 altius
235 4703 454 4791 perpendes,
480 4716 519 4773 ct
540 4701 757 4793 cogitatione
779 4704 954 4796 teipsum
975 4703 1099 4773 illiin-
1151 4702 1225 4774 lum
1247 4700 1436 4796 antiquum
1463 4701 1502 4772 in
1528 4699 1742 4770 memoriam
1765 4711 1970 4784 revocaret,
2012 4699 2142 4770 eodem

108 4799 206 4892 genti
219 4801 442 4874 multitudini
458 4805 561 4899 quasi
576 4805 812 4890 immiscebis,
837 4819 944 4902 teque
967 4805 1099 4878 manri-
1151 4805 1209 4898 die
1224 4803 1363 4876 decimo
1378 4803 1509 4876 mensis
1523 4802 1653 4896 primi,
1680 4803 1726 4872 ab
1742 4797 1812 4873 boc
1826 4801 1906 4896 ipso
1921 4801 2002 4872 loco
2018 4796 2142 4873 lorda-

106 4901 211 4975 nabis
235 4899 390 4977 in¹bunc
412 4909 561 4978 modum
580 4906 823 5001 interrogans:
854 4909 941 5004 Quo
956 4921 998 4979 tn
1014 4909 1099 4982 luis·
1124 4920 1127 5012 l
1149 4900 1207 4980 nis
1229 4920 1311 4978 ante
1331 4931 1465 5004 paucos
1486 4905 1562 4978 dies
1584 4905 1786 4998 profectus,
1811 4903 1851 4975 in
1871 4905 1998 4976 urbem
2012 4901 2143 4977 Hiero·

108 5026 163 5077 ses
186 5007 310 5079 animo
332 5009 370 5080 in
393 5022 497 5080 tanto
522 5011 747 5096 discrimine,
773 5012 803 5084 si
824 5013 862 5082 in
878 5023 978 5082 tanta
993 5013 1098 5084 turba
1124 5021 1127 5084 t
1150 5011 1326 5105 solymam
1357 5033 1438 5081 eum
1463 5031 1598 5104 pompa
1622 5007 1720 5100 regia
1748 5020 1801 5079 est
1821 5005 2002 5094 invectus,
2041 5019 2083 5078 ut
2104 5031 2142 5078 se

108 5103 298 5182 bominum
322 5123 357 5182 et
378 5113 622 5186 iumentorum
640 5137 706 5207 per
717 5115 876 5188 medium
894 5117 1027 5186 vadum
1040 5137 1100 5186 sa·
1123 5085 1127 5154 l
1152 5138 1284 5208 agnum
1306 5115 1353 5184 ad
1368 5109 1553 5184 Pascbatis
1575 5111 1712 5182 instans
1732 5110 1883 5194 festum,
1908 5109 2141 5181 mactandum

109 5211 162 5284 xis
186 5236 353 5309 asperum
379 5217 599 5303 meruisses,
625 5231 663 5288 et
678 5217 848 5290 iumentis
864 5231 926 5290 out
939 5213 1100 5290 humeris
1144 5209 1218 5312 'pro
1231 5240 1362 5312 genere
1374 5212 1535 5287 humanu
1551 5213 1648 5309 patri
1662 5212 1821 5298 sisteret,
1853 5223 1889 5282 et
1904 5237 2008 5284 suurn
2025 5225 2141 5284 nans

109 5313 181 5386 tuis
214 5317 403 5412 impositos
435 5321 607 5414 parvulos
639 5331 830 5413 gestasses,
872 5321 962 5394 alios
994 5343 1100 5412 gran·
1150 5323 1242 5392 itum
1264 5343 1330 5415 per
1350 5316 1562 5402 Iordanem,
1601 5313 1671 5388 boc
1696 5328 1768 5402 est,
1809 5314 2011 5408 passionem
2036 5338 2140 5386 suarn

110 5417 289 5504 diusculos
309 5421 442 5497 liberos
465 5449 575 5498 manu
595 5420 791 5518 prehensos
814 5438 930 5496 tecum
962 5435 1100 5516 raptas·
1122 5369 1128 5482 i
1151 5419 1360 5508 inchoaret,
1390 5445 1460 5518 qua
1481 5417 1585 5494 nobis
1608 5431 1731 5514 postea
1753 5418 1976 5504 transituris,
2006 5418 2141 5489 flumen
2216 5439 2220 5446 ·

162 5536 344 5606 lusam.
364 5539 472 5606 Orsa.
515 5541 601 5606 Vos.
617 5539 690 5604 XX.
1568 5517 1615 5595 51
