4812 5964
274 283 346 355 139
856 285 979 360 PHIL.
1017 287 1129 360 MEL.
1160 287 1364 361 SCRIPTA
1395 285 1735 366 PHILOLOGICA.
1786 309 1800 331 ⁰
2239 289 2318 370 140

270 466 370 543 cula,
412 456 514 555 παρὰ
546 453 670 532 πάντα
698 453 767 530 τὸν
792 454 956 554 χρόνον,
993 457 1266 543 Demosthenes,
1317 458 1360 546 ἀ,
1389 462 1421 552 si
1439 463 1620 557 sequentis
1638 461 1806 533 dictionis
1820 463 1969 533 'initium
1989 464 2112 534 vocale
2133 465 2260 549 tenerit,
2288 491 2315 538 ν

270 565 373 636 Circa
392 587 499 632 omne
518 573 670 653 tempus.
721 558 769 628 Et
784 556 852 630 hac
868 565 1133 634 constructione
1150 587 1265 658 prope
1315 565 1546 656 interposita,
1573 576 1613 636 ut
1632 563 1847 665 ἀνάργυρος
1861 564 2036 640 dressed
2051 563 2251 665 ἀργυρίου.

269 669 466 763 significat,
497 665 677 734 Homerus
700 659 760 762 [ΙΙ.
776 660 953 763 1x‚67.],
989 661 1092 764 παρὰ
1115 665 1265 763 τάφρον
1391 661 1467 739 Aeni
1481 668 1639 759 genitivo
1653 668 1773 738 iuncta
1789 691 1870 762 per,
1887 669 2165 741 instrumentum
2179 671 2313 761 signat,

269 769 442 870 ὀρυκτήν.
479 765 578 838 quta
592 769 736 838 fossam.
776 765 935 838 'Causam
956 769 1051 838 idern
1071 781 1192 851 notat,
1224 782 1265 839 nt
1315 764 1380 842 διά
1398 766 1528 864 πείρας
1543 775 1701 865 συχνῆς,
1724 795 1790 863 per
1804 774 1971 867 frequens
1984 772 2155 843 studium.
2195 771 2258 843 Est
2276 787 2314 843 et

268 870 371 969 παρὰ
391 869 435 946 τὸ
457 864 500 946 εὖ
523 868 592 966 ζῆν
612 866 657 945 τὸ
680 868 803 962 κλέος,
837 871 963 942 Gloria
991 885 1062 954 est,
1097 872 1263 964 eoquod
1316 897 1395 942 cnm
1417 873 1536 942 locum
1557 885 1742 964 tempusve
1760 887 1877 959 notat,
1901 870 1966 948 διά
1987 871 2192 948 δακτυλίω
2210 871 2313 948 δεῖσε

267 981 358 1048 hene
375 971 531 1046 vivatur.
583 973 671 1042 ltern
689 982 814 1056 σίνσα,
845 971 948 1069 παρά
964 970 1013 1047 τά
1035 967 1262 1068 ἀδικήματα.
1315 973 1569 1069 ἑλκυσθῆναι,
1595 999 1660 1066 per
1685 978 1878 1061 annulum,¹
1900 979 1995 1068 apud
2014 972 2310 1068 Aristophanem.

267 1076 542 1152 Demosthenes.
615 1073 704 1146 ltem
742 1087 922 1172 praeter,
963 1073 1067 1172 παρά
1107 1073 1260 1174 πρέπον,
1415 1077 1629 1149 Accusativo
1658 1090 1830 1174 propter,
1872 1076 1936 1153 διὰ
1970 1073 2118 1176 φόβον,
2157 1093 2312 1172 propter

269 1184 605 1278 praetendecorem.
653 1179 861 1272 Composita
879 1193 941 1250 aut
959 1179 1108 1265 minuit,
1134 1192 1262 1250 υῑπα-
1313 1179 1495 1250 timorem.
1569 1179 1749 1251 Homerus
1793 1182 1989 1272 superioris
2031 1183 2310 1254 constructionis

268 1283 436 1384 ράσημος
449 1282 591 1380 ῥήτωρ,
619 1283 734 1352 malac
757 1295 943 1367 monetae,
970 1283 1096 1364 idest,
1123 1281 1261 1352 adulte·
1313 1281 1586 1372 significantiam
1604 1278 1673 1352 hoc
1689 1307 1773 1353 casu
1789 1284 1914 1355 extulit
1930 1281 1990 1384 [ΙΙ.
2007 1285 2051 1371 X,
2065 1280 2160 1382 41.],
2185 1284 2310 1360 νύκτα

266 1392 370 1462 rinus
384 1401 521 1470 orator,
538 1389 635 1478 apud
652 1381 946 1460 Demosthenem.
982 1390 1053 1456 Aut
1068 1407 1185 1480 prope
1198 1407 1261 1454 seu
1311 1380 1365 1458 δι’
1384 1379 1611 1482 ἀμβροσίην.

266 1500 380 1568 iuxta
397 1491 591 1581 significat,
618 1501 659 1560 ut
679 1489 1003 1587 παρακολουθεῖν,
1029 1511 1142 1579 prope
1158 1485 1261 1581 sequi
1415 1486 1623 1579 Composita
1639 1485 1901 1579 dissignificat,
1927 1487 2107 1583 διαρτᾶν,
2131 1489 2308 1574 dividere,

266 1621 330 1668 seu
353 1595 541 1689 subsequi,
576 1593 758 1664 assiduum
784 1593 917 1663 adesse.
981 1587 1033 1659 lta
1055 1589 1259 1681 Simplicius
1311 1585 1548 1684 διαψάλλειν,
1574 1613 1641 1679 per
1652 1590 1747 1660 vices
1760 1592 1932 1682 psallere,
1957 1586 2175 1688 διάψαλμα,
2201 1593 2308 1662 vicis-

267 1699 389 1789 magni
413 1697 572 1766 nominis
596 1692 855 1785 Peripateticus
879 1695 918 1762 in
942 1691 1167 1785 praefatione
1194 1715 1256 1762 sua
1311 1691 1430 1766 situdo
1453 1692 1641 1782 psallendi.
1739 1769 1742 1776 Δ

267 1806 306 1874 in
323 1799 551 1890 categorias,
576 1794 851 1892 ἐπιμελέστερον
872 1791 934 1886 δὲ,
960 1791 1012 1877 ῶς
1034 1789 1111 1876 οἶός
1131 1820 1172 1866 τε
1196 1786 1257 1887 ἦν,
1412 1791 1541 1879 Κατά,
1592 1793 1751 1885 genitivo
1790 1797 1931 1881 iuncta,
1980 1795 2170 1867 accusandi
2202 1809 2306 1880 nota,

265 1909 343 1987 τοῖς
370 1899 589 1998 Ἰαμβλίχου
626 1897 931 1996 παρακολουθῶν
965 1889 1258 1996 ἀπεγραψάμην,
1311 1893 1420 1994 λόγος
1431 1899 1500 1968 τοῦ
1515 1894 1745 1994 Πορφυρίου
1768 1895 1865 1970 κατά
1884 1903 2135 1993 χριστιανῶν,
2166 1899 2306 1970 Contra

266 2004 330 2082 καί
346 2003 441 2099 αὐτῇ
460 2007 647 2098 πολλαχοῦ
669 2005 716 2097 τῇ
739 1998 827 2084 λέξει
848 2005 918 2073 τοῦ
938 1997 1147 2095 φιλοσόφου
1165 2021 1258 2094 χρη·
1310 1994 1547 2068 Christianos.
1604 1997 1652 2068 Et
1674 2023 1901 2091 progressum
1923 2003 1968 2071 de
1989 2025 2029 2071 re
2052 2001 2222 2096 quapiam
2248 2001 2306 2069 in-

267 2109 446 2204 σάμενος,
470 2109 506 2176 id
522 2119 594 2189 est,
620 2106 700 2199 Qua
718 2128 804 2173 vero
821 2105 922 2194 potui
938 2101 1142 2194 diligentia,
1165 2098 1258 2168 lam·
1310 2101 1425 2183 dicat,
1465 2095 1552 2172 κατ’
1575 2095 1936 2199 αλγίλιποςπέτρης,
1979 2107 2074 2196 apud
2101 2103 2304 2174 Homerum

265 2210 376 2283 blichi
388 2210 655 2280 commentariis
672 2202 835 2289 inhians,
864 2213 924 2276 eos
939 2202 1165 2296 transscripsi
1190 2214 1256 2272 etc.
1310 2199 1370 2300 [ll.
1386 2200 1446 2286 lx,
1467 2197 1547 2299 15.]
1563 2204 1607 2271 de
1623 2204 1756 2273 excelsa
1777 2229 1886 2297 rupe,
1917 2217 1953 2274 et
1974 2203 2058 2279 κατ’
2083 2203 2305 2300 Οὐλύμποιο

263 2315 305 2385 ln
321 2339 430 2410 quarn
448 2311 660 2384 sententiam
686 2305 944 2399 accipiendnm'
960 2307 1121 2389 videtur,
1157 2305 1257 2399 quod
1308 2303 1497 2401 καρήνων,
1524 2307 1568 2372 dc
1585 2302 1734 2397 Olympi
1750 2308 1893 2380 vertice.
1926 2305 2305 2407 Odyss.1.[vs.102.]

196 2459 201 2466 ·
265 2431 318 2490 est
335 2420 430 2510 apud
447 2415 581 2486 Lucam
597 2439 674 2506 cap.
694 2401 811 2510 1.'[vs.
827 2406 883 2508 3.]
902 2401 1257 2505 παρακολουθηκότι
1307 2408 1577 2500 Propemodum
1595 2406 1666 2475 tale
1687 2421 1757 2490 cst,
1783 2407 1880 2482 κατὰ
1895 2415 2041 2508 πετρῶν
2057 2409 2207 2504 σπείρω.
2261 2407 2306 2478 ln

263 2517 405 2590 inhiare
417 2520 496 2599 τοῖς
512 2515 713 2596 αὐτόπταις
728 2515 960 2582 narrantibus
978 2512 1105 2592 solito,
1141 2535 1159 2578 e
1177 2510 1255 2602 qui·
1309 2521 1431 2602 petras
1449 2510 1601 2578 semino.

262 2626 421 2694 husrem
439 2644 584 2690 omnem
601 2618 711 2687 didici
727 2628 792 2685 etc.
821 2615 982 2706 Congere
998 2635 1143 2683 acervos
1159 2636 1255 2680 com·
1410 2612 1621 2682 Accusativo
1647 2610 1854 2686 secandum
1876 2617 2015 2705 signat,
2048 2611 2145 2688 κατὰ
2165 2610 2306 2706 τύπον,

263 2725 464 2820 positorum
499 2747 518 2791 a
551 2714 677 2817 παρά,
714 2730 937 2810 spectaturus
967 2716 1145 2808 duplicem
1175 2737 1254 2783 eam
1308 2716 1503 2783 secundum
1533 2724 1680 2806 typum,
1719 2711 1816 2786 κατά
1838 2709 2004 2812 ῥάβδον,
2046 2719 2141 2808 apud
2165 2715 2305 2787 Isocra-

263 2827 582 2921 significationem,
612 2822 818 2902 minuendi,
846 2834 908 2893 aut
927 2823 1255 2916 propeseuismu.
1308 2827 1401 2899 tem,
1444 2819 1489 2885 ad
1513 2817 1716 2907 virgulam,
1754 2815 1851 2890 κατὰ
1875 2817 2021 2916 ῥάβδον
2045 2817 2202 2915 ἔφρασε,
2243 2818 2306 2888 Ad

264 2931 400 3003 Minuit
427 2919 777 3023 παραδειγματίζω,
813 2947 926 3016 prope
955 2921 1149 3014 significat,
1183 2946 1256 2992 πα·
1308 2918 1483 3010 virgulum
1508 2919 1777 3008 pronuntiavit,
1818 2921 1853 2990 id
1881 2935 1952 3006 est,
1991 2935 2128 2992 sartum
2153 2945 2305 2992 carmen

264 3028 483 3133 ρεμβάλλω,
522 3053 637 3121 prope
667 3026 818 3097 infodio.
885 3026 1014 3097 Graeci
1045 3019 1114 3093 hoc
1144 3024 1255 3092 verbo
1309 3021 1446 3092 cecinit.
1500 3020 1691 3114 Temporis
1705 3022 1790 3090 item
1812 3037 1898 3093 nota
1926 3038 1996 3108 est,
2022 3037 2063 3096 ut
2085 3021 2178 3097 καθ’
2201 3021 2304 3120 ἡμᾶς

265 3138 467 3229 significant
490 3134 547 3215 id,
587 3132 684 3226 quod
709 3127 833 3198 Latini
853 3129 1004 3198 dicimus
1028 3127 1162 3196 vallum
1190 3129 1257 3196 du·
1308 3121 1457 3207 ένδοξος
1469 3117 1682 3221 ἄνήρέστιν
1697 3117 2106 3220 Ἰωάννηςὸκαπνίων.

265 3264 365 3323 cere,
392 3238 487 3306 vallo
504 3231 666 3315 munire,
691 3232 837 3302 vallare.
890 3232 985 3302 Psal.
1001 3230 1063 3300 33.
1089 3224 1171 3327 [34,
1186 3223 1255 3324 8.],
1410 3226 1619 3319 Composita
1636 3227 1698 3296 aut
1716 3227 1891 3304 deorsum
1906 3230 2102 3320 significat,
2127 3242 2168 3298 ut
2182 3253 2303 3302 κατα·

264 3339 499 3439 παρεμβαλεῖ
514 3336 670 3435 ἄγγελος
684 3331 819 3430 κυρίου
832 3327 959 3432 κύκλῳ
973 3336 1051 3406 τῶν
1063 3327 1256 3427 φοβουμέ-
1306 3323 1450 3424 βαίνω,
1482 3331 1670 3401 descendo.
1721 3329 1779 3400 Sic
1801 3330 2016 3430 καταλέγω,
2052 3332 2180 3401 ordine
2203 3332 2302 3416 dico,

264 3471 345 3522 νων
365 3439 503 3534 αὐτὸν,
530 3435 594 3512 καὶ
613 3431 764 3533 ῥύσεται
785 3431 936 3518 αὐτούς·
992 3435 1117 3508 Nostri
1141 3446 1255 3503 verte·
1308 3444 1343 3500 et
1364 3431 1467 3525 quasi
1492 3433 1629 3502 deduco
1653 3435 1858 3527 deputoque
1888 3435 2052 3504 dicendo.
2118 3434 2301 3506 Homerus

263 3560 368 3619 runt:
401 3544 574 3617 immittet
596 3541 742 3632 angelus
765 3539 916 3610 Domini
943 3538 981 3607 iu
1007 3560 1096 3632 gyro
1126 3537 1256 3606 timen·
1308 3528 1367 3631 [ll.
1385 3531 1567 3632 tx,115.]
1598 3531 1679 3609 otiu
1706 3531 1846 3632 ψεῦδος
1867 3533 1958 3631 ἐμάς
1980 3535 2071 3619 άτας
2092 3536 2300 3619 κατέλεξας.

263 3654 354 3722 tium
378 3675 481 3733 eum,
515 3658 550 3716 et
572 3643 700 3736 eripiet
725 3667 797 3713 eos.
864 3641 1011 3734 Quanto
1035 3623 1255 3733 praestabat,
1308 3637 1413 3707 Unde
1427 3637 1467 3706 lit
1480 3633 1697 3736 κατάλογος.
1725 3635 1777 3706 lta
1792 3639 1844 3722 sn,
1859 3652 1901 3708 ut
1915 3635 2012 3712 κατὰ
2032 3643 2301 3732 propemodum

264 3751 413 3824 vallabit
437 3763 500 3821 aut
521 3748 617 3817 vallo
640 3746 798 3828 muniet,
832 3747 979 3838 quando
1003 3746 1044 3818 id
1066 3755 1102 3812 ct
1115 3743 1253 3813 Graeca
1307 3738 1371 3814 dia
1401 3740 1698 3830 significationem
1729 3740 1909 3823 obtineat,
1941 3753 1982 3810 nt
2004 3744 2101 3834 apud
2124 3738 2302 3811 Theocri-

265 3871 301 3928 et
314 3855 489 3925 Hebraica
506 3862 637 3922 sonant
653 3842 730 3953 Πξη
748 3859 784 3917 et
797 3833 1041 3942 παρεμβαλεῖ.
1091 3845 1186 3916 Nam
1200 3847 1255 3914 fu·
1308 3855 1384 3912 tum
1415 3843 1557 3935 ssdyllio
1573 3843 1615 3913 X.
1636 3839 1709 3968 [τε.
1725 3837 1804 3942 66.]
1826 3838 1880 3938 μὴ
1899 3835 2077 3938 ’πιτᾶμης
2096 3839 2168 3939 τὴν
2188 3845 2303 3939 χεῖρα

264 3972 385 4028 turum
418 3967 471 4026 est
495 3948 566 4023 hoc
591 3943 845 4047 παρεμβάλλω
871 3946 1123 4044 παρεμβαλῶ,
1163 3959 1204 4015 ut
1234 3969 1254 4014 a
1306 3939 1527 4041 καταπρίων
1540 3942 1585 4018 τὸ
1597 3969 1779 4037 κυμινον,
1804 3944 1857 4016 Ne
1871 3945 2174 4016 incidas·manum
2189 3946 2303 4016 disse·

263 4053 397 4158 ψάλλω
412 4059 533 4154 ψαλῶ.
586 4051 633 4121 Et
647 4051 787 4132 nescio,
816 4073 990 4142 quorsum
1012 4049 1128 4121 nostri
1148 4044 1255 4119 huius
1308 4069 1392 4118 cans
1406 4047 1604 4119 cuminum.
1637 4047 1898 4117 Paroemiacon
1915 4059 1978 4132 est,
2005 4051 2101 4118 unde
2118 4062 2303 4120 ctavaros

264 4163 431 4235 versiculi
445 4161 669 4249 interpretes.
717 4149 994 4245 chrysostomus
1009 4153 1049 4222 in
1063 4151 1178 4222 nobili
1193 4151 1253 4220 illa
1306 4145 1620 4246 κυμινοπρίστας,
1662 4149 1894 4221 cuminisecas
1922 4149 2133 4222 Aristoteles
2167 4165 2302 4246 quarto

264 4264 445 4360 Panegyri
478 4265 523 4331 de
555 4256 709 4349 angelis,
751 4257 797 4325 ad
825 4257 1030 4327 coelestium
1063 4255 1254 4346 spirituum
1308 4251 1503 4322 Moralium
1515 4264 1712 4344 nuncupat.
1754 4251 1829 4322 Aut
1843 4252 1948 4322 vitiat
1962 4253 2185 4349 infamatque
2200 4277 2303 4323 corn-

266 4371 389 4438 mnnia
420 4365 547 4447 refert,
585 4360 636 4431 sic
663 4359 849 4453 inquiens:
897 4355 950 4431 δι’
978 4354 1148 4458 ἀγγέλων
1178 4359 1257 4438 τοῖς
1307 4354 1524 4447 positionem
1541 4354 1706 4447 'perinde
1733 4378 1775 4424 ac
1807 4353 1931 4452 παρά,
1974 4368 2017 4425 ut
2042 4351 2303 4453 καταψηφίζε·

266 4467 435 4554 άξίσιςέκ
457 4463 673 4561 πειρασμῶν
697 4460 894 4554 λύτρωσις,
929 4459 1163 4556 παρεμβαλεῖ
1180 4455 1256 4561 γάρ
1309 4457 1424 4549 σθαι,
1450 4459 1545 4549 apud
1561 4453 1862 4541 Demosthenem,
1888 4457 2067 4529 damnari.

267 4593 382 4670 φησιν
406 4568 561 4668 ἄγγελος
581 4560 716 4662 κυρίου
740 4558 866 4660 κύκλῳ
891 4567 970 4637 τῶν
1001 4560 1256 4660 φοβουμένων
1373 4594 1383 4616 ·
1410 4555 1524 4634 Merui
1539 4561 1696 4653 genitivo
1714 4573 1914 4632 constructa
1939 4561 2034 4628 idem
2058 4573 2177 4652 potest
2200 4562 2304 4653 quod

267 4671 406 4760 αὐτὸν,
433 4667 497 4745 καὶ
509 4667 659 4765 ῥύσεται
675 4659 823 4748 αὐτούς.
1304 4653 1400 4757 σύν,
1427 4677 1553 4733 autore
1575 4663 1774 4737 Prisciano.
1824 4657 1919 4757 ἡδδς
1936 4657 2032 4756 μετὰ
2057 4660 2180 4760 φίλων
2201 4657 2303 4758 βίος,

1309 4765 1435 4837 Suavis
1450 4790 1530 4836 cum
1548 4766 1671 4838 amicis
1685 4767 1771 4835 vita.
1823 4765 1935 4857 Saepe
1951 4760 2020 4834 hac
2039 4765 2303 4858 significatione

361 4828 373 4856 ε
369 4825 456 4902 Arci
466 4847 537 4920 per
552 4821 622 4890 loci
638 4833 701 4889 aut
715 4819 906 4911 temporis,
932 4818 1124 4890 accusativi
1146 4818 1256 4892 solius
1309 4870 1469 4939 dativum
1510 4870 1623 4939 ,3ῑίίυῖ
1645 4881 1686 4940 ut
1708 4863 1780 4941 σὺν
1890 4863 1964 4939 ἀπ
1990 4865 2118 4942 mm
2166 4867 2304 4937 Home·

266 4947 337 5016 cst,
362 4925 435 5005 ἀνά
451 4925 539 5003 ὅλον
552 4920 717 5021 χρόνον,
743 4945 808 5011 per
823 4946 930 4991 omne
945 4935 1097 5014 tempus.
1151 4918 1256 4993 Sche·
1308 4994 1369 5042 m
1388 4894 1511 5070 [livi
1523 4965 1754 5068 mem}
1787 4891 1889 4960 ‘W
1966 4892 1989 4964 Ι)
2126 4919 2140 4960 ²

267 5034 423 5106 maticais
438 5029 616 5122 genitivo,
641 5038 682 5097 ut
696 5020 774 5100 άνά
790 5021 917 5121 μέσων
933 5021 1070 5122 ὀρέων,
1096 5048 1161 5117 per
1182 5050 1256 5095 mc·

266 5139 346 5210 dios
363 5145 515 5205 montes.

1410 5075 1623 5146 Accusativo
1639 5083 1725 5168 port
1740 5071 1921 5165 designat,
1953 5069 2048 5166 μετὰ
2073 5067 2121 5144 τά
2143 5068 2306 5170 φυσικά,

1308 5177 1346 5245 id
1363 5189 1436 5261 est,
1455 5191 1544 5270 ,post
1558 5177 1750 5247 naturalia.

369 5284 576 5378 Composita
600 5281 792 5375 significat,
819 5284 917 5376 quod
940 5306 980 5354 rc
993 5278 1134 5352 Latinis
1155 5280 1256 5363 solet,
1411 5279 1618 5372 Composita
1641 5293 1704 5354 aut
1725 5302 1829 5363 οντα,
1854 5275 1996 5372 μετέχω
2012 5278 2211 5372 participo,
2236 5272 2307 5368 μέ-

267 5380 460 5486 άναμάθω
480 5386 630 5458 redisco.
683 5383 778 5455 Cave
790 5397 894 5477 putes
910 5385 954 5454 ab
969 5379 1045 5458 ἀνά
1059 5383 1255 5475 composita
1308 5407 1430 5465 τοικος
1450 5383 1659 5476 inquilinus.
1720 5385 1795 5454 Aut
1819 5391 1947 5467 hum,
1978 5379 2178 5474 μέτωπον,
2201 5391 2308 5452 tram

268 5515 361 5577 esse,
386 5515 478 5586 quae
500 5487 669 5583 privandi
691 5487 928 5579 significantia
948 5511 1184 5579 usurpamus,
1210 5488 1259 5557 ab
1308 5485 1456 5570 facicm,
1480 5487 1593 5560 frons.
