4910 5964
331 253 406 327 ddi
925 245 1746 327 ·PlllL.'ble.²SClllP'l‘h.illS!fflRlild·
1817 282 1823 312 ι
1941 243 2034 306 'si'
2138 249 2144 276 '
2275 254 2339 331 tut

333 426 404 494 erit
416 421 548 496 Turris
557 435 684 516 postea
702 447 766 515 per
781 406 1024 510 occasionem,
1051 426 1270 520 irruptiones
1285 425 1324 496 ln
1377 438 1462 495 tem.
1514 423 1674 492 Maiores
1696 417 1812 490 nostri
1838 415 2076 512 quantas'res
2090 437 2285 508 passerum,
2310 443 2342 498 ur

335 527 567 598 Germaniam
578 525 720 610 iacere,
748 527 887 621 quoties
902 529 1025 599 velint.
1076 525 1234 602 Acinihi
1249 551 1325 599 cre-
1377 529 1415 597 in
1442 525 1528 595 Asia
1559 523 1809 616 reprimerent:
1830 515 2118 600 Mabometicam
2152 521 2341 597 barbariem!

336 631 428 714 dite,
452 653 527 698 non
552 630 668 700 solum
692 631 852 713 fortiter,
878 631 938 701 sed
966 630 1073 702 etiam
1089 637 1325 724 mag'nocon·
1377 630 1433 700 llli
1454 651 1531 698 sen
1550 627 1786 706 dubitabant,
1815 623 1926 692 talem
1948 617 2092 692 bostare
2113 627 2231 714 procul
2252 651 2340 722 qnae·

336 733 416 804 silio
429 731 574 802 Tuscae
592 731 868 822 belligerantur,
892 733 1022 804 intenti
1043 736 1081 804 in
1101 735 1325 812 occasionem
1378 755 1471 815 rere,
1497 729 1753 803 utrec'l'nrcae
1770 747 1922 816 regnum
1941 723 2047 796 nohis
2061 723 2211 796 nic'rrum
2226 727 2341 800 inrese-

335 859 402 905 nac
418 835 540 904 omnia
559 835 666 905 simul
681 859 857 928 occupare
872 851 1061 921 conantur,
1083 841 1143 909 sed
1162 861 1245 907 aree
1261 837 1326 906 ali·
1379 847 1485 918 runt,
1510 858 1577 902 ner
1595 845 1669 901 tam
1685 827 1914 914 Pannoniae,
1934 825 2341 920 ¹quamliermaniaebal·

335 937 507 1032 quabelli
522 951 646 1030 capta,
672 938 846 1029 paulatim
861 951 1003 1009 tentant
1022 940 1137 1010 vicina
1157 941 1250 1011 loca.
1320 987 1327 1004 .
1378 939 1454 1008 lum
1469 935 1714 1008 aenomaus,
1750 927 1887 1003 Multos
1901 929 2105 1002 iam·annos
2117 929 2341 1022 hungarorum

439 1039 496 1110 Ad
515 1036 586 1110 hoc
607 1040 744 1109 accedit
764 1041 971 1128 assiduitas,
995 1067 1068 1138 qna
1083 1046 1237 1114 creviam
1251 1067 1328 1111 ma·
1380 1041 1512 1110 virnrte
1535 1035 1803 1108 barbaricsvilla
1829 1046 1881 1104 est
1902 1057 1925 1102 a
1946 1032 2341 1106 morisennensiu-

298 1135 302 1144 ’
337 1167 406 1234 gna
424 1143 574 1234 imperia
590 1143 782 1236 praecipue
797 1145 977 1225 videmus;
999 1146 1183 1218 ubisemel
1198 1147 1326 1238 pedem
1380 1143 1505 1236 pulsa,
1535 1166 1604 1211 rios
1621 1138 1777 1210 vicissim
1803 1134 1945 1206 nationi
1966 1135 2223 1206 benemeritus
2242 1138 2341 1207 deler-

336 1259 555 1338 posuerunt,
581 1247 665 1316 inde
686 1271 762 1315 non
778 1245 879 1317 facile
896 1249 1135 1340 depelluntur.
1187 1247 1328 1318 Deinde
1381 1245 1520 1317 sionna
1553 1244 1736 1314 debemus.
1798 1239 1926 1312 Manes
1958 1238 2068 1308 aiam
2095 1239 2341 1313 fortissimomn

336 1347 568 1419 communitis
588 1349 631 1420 iis
654 1349 761 1433 locis,
788 1374 881 1446 quae
904 1365 1146 1443 occuparunt,
1173 1365 1248 1421 tum
1263 1351 1328 1420 de-
1381 1350 1563 1428 tirorum,
1597 1345 1660 1438 qui
1683 1345 1722 1412 in
1746 1342 1822 1411 acie
1846 1354 1996 1433 propter
2017 1365 2236 1412 communem
2256 1343 2341 1411 liber·

336 1474 437 1522 mum
469 1471 568 1520 arrasa
597 1454 787 1543 proferunt
814 1453 976 1525 ulterius.
1039 1454 1161 1547 Quare
1188 1452 1330 1528 etiamsi
1381 1461 1492 1521 toturn
1513 1447 1737 1526 ceciderunt,
1757 1445 2013 1537 ·llagitaut,'·ut
2030 1467 2121 1516 suae
2136 1445 2265 1536 patriae
2281 1469 2341 1514 mn-

336 1553 570 1625 Germaniam
586 1555 750 1633 nondum
769 1555 971 1648 attingunt,
999 1580 1208 1652 quanquam
1223 1579 1329 1647 saepe
1382 1565 1480 1624 tuam
1506 1549 1660 1642 gratiam
1678 1549 2184 1641 inseramus‘‚'³qnanqunrpae
2199 1547 2268 1639 ipsa
2282 1569 2340 1615 noa

307 1657 408 1726 ‚iam
440 1657 479 1724 in
504 1655 643 1729 Carnes
667 1660 828 1728 fecerunt
847 1643 1086 1751 irruptidnes:
1123 1673 1244 1728 tamen
1266 1657 1329 1727 ubi
1380 1654 1501 1724 minus
1515 1653 1666 1745 periculi
1681 1651 1806 1735 nobis,
1821 1649 2162 1745 ¹quam'llunpariaa
2177 1650 2341 1742 impendet.

335 1759 521 1851 {iungaris
545 1759 652 1852 potiti
672 1760 826 1844 luerint,
859 1775 966 1850 erunt
985 1762 1115 1838 intanti
1139 1763 1177 1830 in
1203 1783 1328 1831 omncs
1399 1791 1402 1803 ·
1481 1757 1636 1850 Reliqua
1652 1768 1705 1828 est
1721 1755 1833 1823 altera
1849 1747 1937 1845 pnrs'
1953 1753 2231 1836 deliberationis,
2252 1775 2341 1847 qnan-

336 1861 561 1944 oocasiones,
587 1875 629 1932 ut
651 1887 717 1936 nos
741 1865 958 1956 imparatos,
984 1880 1046 1935 aut
1070 1865 1259 1935 distractos
1274 1863 1329 1931 in·
1380 1860 1426 1932 tis
1444 1858 1557 1950 copiis
1573 1883 1630 1930 res
1644 1859 1801 1951 gerenda
1816 1857 1882 1941 sit,
1906 1881 1981 1951 quo
1997 1855 2036 1924 in
2050 1856 2137 1924 looo
2161 1856 2279 1925 bellum
2300 1856 2342 1924 ir·

336 1963 476 2038 testinis
492 1965 678 2037 discordiis
696 1969 916 2059 opprimant.
1380 1964 1582 2043 fererdtrm,
1608 1965 1704 2032 unde
1720 1972 1942 2030 commeatus
1957 1955 2194 2044 subvehendi,
2214 1956 2341 2029 sienim

436 2066 496 2152 Si,
535 2081 577 2137 ut
608 2067 793 2160 Balgatia,
824 2083 865 2141 ut
892 2067 1062 2140 Valachis
1095 2073 1328 2161 imperarent,
1379 2091 1462 2138 num
1479 2061 1676 2134 abhorrent
1699 2059 1832 2137 abhoc
1846 2063 1958 2134 bello:
1988 2057 2086 2132 haec
2095 2059 2342 2134 deliberatiola·

335 2171 455 2241 nullos
468 2170 622 2256 labores,
647 2172 746 2244 nulla
764 2174 977 2264 defugerent
992 2174 1162 2265 pericula,
1189 2183 1327 2266 quanto
1380 2170 1456 2240 nilis
1486 2168 1565 2239 erit.
1636 2167 1728 2240 Nam
1756 2190 1918 2237 summus
1939 2163 2134 2249 Pontifex,
2162 2187 2224 2235 rer
2240 2163 2342 2254 llispa·

335 2274 450 2366 magis
473 2271 707 2344 Germaniam
734 2287 841 2369 atque
865 2273 1026 2359 Italiam,
1059 2275 1155 2368 ipsas
1181 2273 1338 2368 quidem,
1378 2273 1482 2355 niae,
1514 2286 1550 2340 et
1572 2269 1700 2341 Veneti
1734 2270 1880 2342 &serm
1911 2268 2116 2353 instruent,
2149 2281 2184 2340 at
2208 2265 2341 2336 civitates

336 2399 434 2447 arces
451 2370 646 2447 Christiani
667 2378 825 2448 nominis
848 2391 1037 2470 appetent,
1064 2401 1155 2472 quas
1181 2378 1211 2448 si
1230 2389 1327 2447 tene·
1379 2377 1417 2445 in
1449 2375 1578 2444 littore·
1594 2371 1702 2466 «Epiri
1740 2387 1776 2444 et
1797 2371 2050 2465 Peloponnesi.
2078 2372 2162 2442 sitas
2189 2370 2341 2438 invadent.

336 2491 418 2548 rent
439 2475 553 2571 (quod
579 2475 769 2578 prohibeat
785 2479 920 2578 Deus),
950 2503 1025 2549 non
1044 2480 1160 2550 solnm
1183 2479 1326 2571 imperii
1377 2479 1509 2551 Noster
1528 2479 1703 2550 exercitus
1719 2501 1804 2548 veum
1823 2475 1970 2548 Gallicis
1988 2488 2029 2545 et
2048 2473 2207 2568 simplicis
2227 2467 2339 2541 auriliir

335 2579 584 2674 magnitudine
616 2594 752 2655 auteres
784 2581 972 2654 Romanos
1007 2594 1225 2678 aequarent,
1264 2583 1326 2654 secl
1378 2582 1417 2650 in
1433 2581 1641 2651 Pannonias
1654 2581 1840 2652 ducendus
1853 2580 1935 2657 erit.
1987 2579 2082 2652 Nam
2099 2579 2180 2649 ideo
2197 2593 2338 2676 prepete·

335 2686 444 2756 edent
466 2694 584 2755 totam
595 2680 843 2756 Christianam
868 2685 1078 2778 religionem
1103 2687 1236 2756 delesse
1256 2683 1326 2757 sibi
1377 2707 1471 2768 mus,
1495 2697 1537 2754 ut
1551 2679 1621 2754 hoc
1636 2706 1787 2775 ragnum
1804 2682 1959 2753 Turcice
1973 2683 2168 2754 latmeinie
2178 2680 2336 2748 mercna

334 2789 554 2859 viderentur.
578 2787 764 2859 Haberent
778 2790 1014 2860 accessionem
1028 2801 1166 2859 tantam
1179 2788 1326 2873 virium,
1377 2787 1462 2858 inde
1486 2787 1524 2856 in
1545 2784 1726 2880 Illyricum
1746 2787 1935 2857 transferri
1958 2787 2097 2858 bellum
2119 2784 2188 2854 erit
2208 2797 2338 2851 commo

334 2905 375 2959 ut
397 2891 558 2982 reliquae
578 2891 743 2962 nationes
768 2891 845 2962 sine
861 2892 937 2962 ullo
952 2892 1147 2961 certamine
1163 2913 1325 2962 cessurae
1376 2890 1576 2963 dissimuma
1601 2911 1606 2922 ·
1843 2883 1847 2900 '
1954 2882 1956 2892 ⁴

335 3007 463 3065 ment.
503 2991 642 3077 Etrus,
664 2997 728 3090 qui
744 3017 839 3064 nunc
855 2995 1106 3086 armareritis,
1130 2989 1325 3065 ncChristi
1476 2993 1687 3064 Formulam
1711 2994 1819 3064 etiam
1844 3011 2033 3086 propono,
2068 3005 2235 3089 quantum
2254 3007 2338 3080 petu-

333 3119 468 3170 nonren
501 3095 708 3182 aboleatur,
739 3097 875 3193 numne
905 3121 1029 3168 reram
1056 3097 1266 3190 rel'giouem
1290 3109 1326 3167 et
1375 3095 1476 3178 niae,
1515 3110 1690 3191 quantum
1732 3096 1895 3192 equitum
1935 3121 1977 3167 ac
2018 3099 2182 3190 pediturn
2217 3083 2338 3180 singulis

334 3201 536 3273 libertatern
566 3213 721 3272 vestram
752 3201 961 3284 defenditis,
1001 3213 1124 3293 postea
1155 3203 1325 3272 adversus
1376 3199 1603 3293 Principibus
1616 3200 1838 3271 Germaniae
1860 3200 2117 3293 imperandum
2138 3223 2212 3270 esse
2230 3203 2339 3288 putem·

335 3299 515 3378 metatum
533 3321 601 3398 pro
616 3305 754 3374 nefaria
774 3305 958 3397 impietate
973 3304 1142 3386 militare,
1166 3317 1324 3398 tyranno
1377 3302 1606 3375 Commeatus
1623 3317 1663 3374 ut
1679 3293 1848 3374 Danubio
1859 3299 2138 3389 convehuntur,
2162 3319 2246 3372 amr
2258 3301 2339 3363 certo

334 3405 489 3492 servire,
513 3422 550 3479 et
568 3409 677 3480 histes
695 3422 880 3500 expectare
899 3407 1048 3478 alicuius
1063 3403 1239 3500 Scythae,
1263 3431 1325 3476 co·
1376 3407 1637 3499 providebitur.
1688 3405 1812 3500 Quare
1834 3406 1885 3493 si,
1918 3395 2338 3501 renumerandum

334 3511 519 3600 geremini.
578 3511 659 3605 Qua
682 3512 909 3584 immanitate
933 3511 1072 3580 domini
1094 3511 1133 3579 in
1157 3511 1324 3603 ceritrges
1376 3511 1559 3604 expetitis,
1598 3509 1896 3580 deliberationem
1930 3513 1979 3580 ita
2014 3507 2225 3588 instituatis,
2249 3510 2285 3569 nt
2304 3495 2341 3562 de
2404 3581 2405 3586 ἵ

252 3638 254 3646 ’
333 3626 468 3688 vestras
494 3639 536 3684 ac
556 3615 688 3685 liberos
712 3617 810 3686 usuri
837 3613 977 3686 essent?
1028 3611 1236 3685 Verecunde
1254 3613 1325 3684 dici
1374 3615 1530 3684 formula
1549 3613 1722 3684 intervos
1739 3613 1944 3684 conveniat.
1994 3612 2095 3689 Nam
2113 3621 2253 3706 propter
2266 3597 2342 3670 lunc

333 3739 409 3786 nnn
439 3730 589 3809 possunt
613 3741 674 3801 ea,
712 3743 806 3812 quae
828 3741 905 3788 non
925 3731 1065 3788 tantum
1089 3717 1324 3810 inceptivas,
1375 3718 1569 3810 praecipue
1590 3713 1649 3788 hic
1670 3729 1868 3789 conventus
1888 3716 2047 3790 indictus
2071 3730 2141 3788 est:
2174 3733 2245 3782 non
2266 3724 2342 3818 surp-

333 3820 529 3889 sedetiam
554 3820 697 3891 insuos
720 3823 962 3893 committunt.
1245 3868 1246 3874 κ
1376 3833 1452 3907 tus,
1493 3843 1568 3890 non
1609 3819 1771 3905 labores,
1810 3837 1885 3891 non
1918 3821 2082 3912 pericula
2115 3804 2341 3889 denuntia,

434 3921 526 3992 lllud
552 3934 693 3992 tantum
715 3925 893 3994 recitabo:
929 3924 1046 4016 Capto
1062 3924 1239 4018 Byzantio
1254 3921 1324 3993 lm·
1374 3923 1405 3995 si
1440 3921 1602 3998 statuetis
1632 3921 1715 3992 «lico
1746 3949 1814 3994 vos
1835 3919 1914 3994 'hec
1945 3924 2107 3996 officium
2136 3919 2280 3993 dehac,
2311 3913 2343 3972 “l

332 4025 509 4118 peratoris
518 4024 751 4097 Constantini
777 4041 884 4120 caput
906 4027 1035 4097 cervici
1050 4029 1241 4101 abscissum
1257 4040 1324 4112 est,
1374 4023 1448 4098 hoc
1476 4021 1618 4098 bellum'
1644 4051 1787 4098 summo
1821 4027 1942 4099 studio
1981 4025 2195 4121 suscipiatis.
2257 4005 2343 4083 Chri·

332 4127 615 4202 id‘ltlahomctus
641 4131 749 4200 lixum
774 4128 904 4223 gestari
922 4154 988 4223 per
1009 4113 1260 4202 urbem‘iuisit
1283 4131 1322 4200 in
1374 4144 1449 4204 stus
1480 4133 1520 4199 in
1548 4134 1710 4210 extremo
1741 4129 1876 4202 iudicio
1906 4129 2089 4202 rationem
2123 4119 2268 4198 anobis
2294 4131 2344 4204 pt

333 4231 421 4325 pilo.
469 4233 557 4304 Eius
578 4257 664 4302 vero
682 4234 869 4326 coniugem
893 4255 935 4303 ac
955 4233 1048 4305 lilios
1075 4259 1150 4304 non
1172 4237 1220 4303 ita
1237 4256 1323 4326 san-
1373 4247 1467 4319 scet,
1493 4235 1540 4317 si,
1573 4257 1652 4304 cum
1677 4233 1824 4327 imperii
1845 4257 1985 4305 summa
2010 4233 2168 4328 dignitas
2190 4223 2237 4298 sit
2254 4231 2344 4314 pem

332 4347 408 4419 rte,
431 4336 858 4408 nthlerranderhiacedo
877 4335 983 4407 Darii
1003 4338 1096 4430 regis
1119 4351 1271 4408 matrem
1289 4352 1324 4409 et
1374 4359 1461 4423 nce,
1499 4340 1704 4410 deseremus
1730 4351 1888 4408 caeteras
1915 4339 2102 4420 nationes,
2136 4333 2262 4405 sirmi
2286 4337 2345 4389 snt·

330 4438 540 4530 coniugem,
566 4433 883 4532 captivashabuitr
907 4441 1024 4512 sedin
1040 4441 1245 4512 convivium
1261 4443 1323 4512 ad·
1375 4442 1547 4533 cipiemus
1589 4441 1833 4513 defensionem
1873 4436 2100 4512 Christianae
2139 4425 2344 4532 abablius

329 4543 455 4613 ductes
486 4543 635 4612 tradidit
657 4543 833 4635 flagitiose
854 4547 1070 4637 stuprandas
1094 4545 1167 4616 suis
1189 4544 1325 4615 satelli-
1374 4543 1497 4616 Genus
1517 4537 1674 4615 hostiurn
1696 4569 1772 4616 non
1790 4545 1992 4616 extenuari.
2044 4541 2183 4612 Errant
2196 4532 2301 4606 enlm,
2321 4541 2345 4589 ⁸¹

330 4645 436 4716 tibus.
488 4643 624 4714 Eadem
646 4645 683 4714 in
709 4647 788 4717 aliia
804 4648 1012 4744 regionibus
1033 4647 1196 4734 accidere
1208 4648 1323 4741 capti-
1375 4648 1436 4743 qni
1451 4659 1582 4740 putant
1596 4645 1735 4720 'l'urcas
1749 4649 1898 4741 ignavos
1913 4660 1975 4719 aut
1987 4636 2154 4717 imbelles
2170 4659 2252 4711 esre·
2285 4625 2345 4743 ΤΡῙ

328 4748 385 4819 vit
397 4747 577 4818 ensuite.
608 4747 804 4843 Nunquam
819 4751 939 4820 dicam
954 4752 1084 4821 fortem
1095 4773 1175 4821 esse
1190 4749 1322 4836 virum,
1373 4749 1546 4820 victoriae
1561 4749 1741 4836 indicant,
1768 4752 1818 4822 eis
1834 4776 1900 4822 nec
1915 4751 2104 4821 scientiam
2119 4745 2174 4816 rei
2191 4735 2344 4810 militaus·

329 4875 435 4944 quem
453 4853 538 4921 talia
555 4852 717 4943 exempla
731 4875 807 4921 non
824 4866 991 4938 movent,
1011 4853 1166 4948 quinon
1180 4876 1321 4924 mmma
1371 4875 1438 4924 nec
1453 4853 1703 4928 tortimdinem
1719 4859 1853 4926 deesse.
1897 4853 2080 4924 Polliceor
2095 4865 2216 4922 tamen
2230 4843 2343 4948 ltetutft

329 4953 442 5022 animi
464 4955 662 5048 cupiditate
686 4955 884 5038 desiderat,
910 4957 1089 5056 utstatim
1111 4977 1254 5049 pugnae
1275 4959 1321 5028 si·
1371 4956 1457 5027 belli
1478 4953 1631 5042 ercitum,
1656 4957 1743 5052 quia
1759 4957 1856 5030 Dens
1876 4959 1974 5029 iavet
1992 4955 2097 5027 iustis
2121 4965 2157 5025 et
2169 4948 2236 5043 piis
2246 4955 2345 5012 const·

329 5077 439 5146 gnum
461 5070 700 5149 proponatur.
1371 5057 1448 5145 liis,
1479 5085 1524 5129 ‘ac
1551 5074 1688 5130 certum
1716 5075 1770 5132 est
1793 5083 1896 5132 suam
1923 5071 2221 5130 conservaturum
2244 5038 2344 5117 ΜΒ·

429 5155 558 5254 ltaque
584 5185 664 5232 cum
692 5183 834 5233 necesse
864 5161 911 5233 sit
938 5162 1044 5233 nobis
1069 5163 1165 5233 tueri
1194 5181 1319 5233 veram
1370 5163 1474 5236 siam.
1532 5164 1669 5240 Servat,
1682 5178 1801 5236 autem
1826 5184 1901 5236 non
1926 5165 2082 5248 otiosos,
2114 5158 2177 5232 sed
2197 5149 2344 5262 ieritis

328 5260 560 5354 religionem,
586 5264 787 5335 libertatem
809 5277 991 5349 nostram,
1020 5265 1207 5360 coniuges,
1232 5265 1320 5336 libe·
1371 5263 1547 5351 officinm,
1579 5279 1615 5336 et
1630 5269 1734 5337 'serio
1756 5291 1862 5360 apem
1879 5267 1961 5340 eius
1983 5278 2096 5360 atque
2112 5257 2343 5364 auriliumtffl·

328 5388 407 5449 ros,
439 5362 555 5455 leges,
590 5389 631 5436 ac
658 5363 891 5458 disciplinam·
908 5366 1111 5461 publicam,
1144 5362 1320 5445 adhortor
1369 5369 1565 5462 plormtes.
1602 5363 1679 5440 Nee
1694 5371 1961 5442 nmltituditrem
1975 5363 2163 5449 hostium,
2188 5377 2250 5430 1¹00
2262 5365 2342 5458 Vm,

327 5489 392 5538 vos
409 5468 456 5539 ad
471 5463 578 5540 huius
594 5469 833 5541 iustissimisc
853 5471 1042 5544 necessarii
1063 5472 1151 5544 belli
1172 5472 1321 5544 societa-
1370 5471 1682 5564 prnhnurctnun
1716 5477 1778 5546 ted
1801 5487 1844 5544 ut
1865 5477 1973 5546 docet
1992 5491 2065 5542 uus
2083 5465 2260 5542 Petimus:
2295 5445 2340 5518 ω·
