4920 5956
95 205 170 278 71⁷

336 464 343 478 ·
407 375 576 445 Adleetns

96 480 221 552 Bonus
827 469 945 543 Malus

407 575 533 649 Virtus

99 683 193 776 Erga
210 681 302 752 alios
826 675 923 768 Erga
940 697 976 744 se

377 817 380 824 ν
408 778 546 852 lustitia

409 883 508 954 Haec
524 881 673 954 iustitia.

202 1021 366 1106 Genera,
401 1019 563 1111 Species,
597 1029 632 1087 et
654 1014 865 1100 individua,
905 1015 943 1085 in
974 1013 1094 1085 medio

100 1125 345 1204 roborantur,
370 1121 482 1195 latera
504 1120 729 1195 differentiae
745 1131 933 1211 occupant.
985 1115 1095 1188 Vides

100 1241 222 1300 autem
246 1223 491 1297 circumscribi
514 1223 735 1297 differentias
751 1235 955 1316 utcunque,
982 1243 1096 1315 quan-

101 1330 297 1426 doquidem
315 1350 419 1400 veras
431 1339 467 1398 et
481 1327 686 1420 perspicuas
702 1321 860 1398 bominis
878 1336 1003 1418 eaptus
1020 1347 1096 1394 non

102 1431 322 1527 adsequitur.

350 1577 410 1650 De
445 1579 851 1672 praedicamentis.

204 1699 342 1771 Eadem
376 1725 419 1770 ex
448 1723 570 1770 caussa
606 1697 775 1770 videntur
799 1697 945 1770 ordines
973 1721 1096 1768 rerum

101 1805 393 1902 praedicamenta
408 1801 545 1886 vocari,
572 1825 645 1895 quo
664 1801 882 1895 significetur
898 1801 936 1872 in
953 1802 1004 1874 eis
1018 1825 1097 1894 spe·

103 1909 214 1992 etari,
239 1930 332 2003 quae
348 1929 454 1976 voces
469 1928 548 1975 cum
569 1904 699 1999 quibus
717 1917 799 1998 apte
822 1905 993 1996 coniungi
1016 1929 1097 1998 pos-

102 2012 197 2094 sint,
239 2032 331 2104 quae
373 2008 493 2100 inepte
529 2007 816 2098 coniungantur,
854 2021 962 2102 atque
995 2011 1098 2091 adeo,

104 2136 199 2208 quae
221 2115 268 2182 de
289 2111 419 2206 quibus
439 2109 641 2202 praedicari
659 2111 817 2202 possint,
843 2125 906 2188 aut
925 2134 1000 2180 non
1017 2135 1100 2204 pos·

102 2216 189 2288 sint.
240 2213 335 2286 Nam
358 2235 465 2308 supra
491 2211 651 2308 quinque
673 2213 821 2284 vocibus
837 2226 1019 2289 ostensum
1035 2225 1101 2296 est,

103 2317 260 2412 speciem
285 2341 366 2388 curn
390 2338 520 2407 genere
540 2310 753 2399 cohaerere,
784 2311 843 2385 bie
860 2316 897 2384 in
915 2317 1101 2409 praedica·

103 2420 251 2507 mentis,
276 2442 447 2513 generum
466 2442 508 2488 ac
523 2417 735 2510 specierum,
763 2431 799 2488 et
814 2419 1100 2490 differentiarum

104 2523 268 2617 exempla
285 2523 545 2616 producuntur.
595 2518 662 2606 Et,
691 2534 732 2591 ut
747 2523 858 2613 paulo
876 2522 982 2594 altius
999 2545 1103 2615 repe-

103 2640 226 2699 tamus
240 2625 420 2696 rationem
434 2621 831 2719 praedicamentorum,
857 2625 1004 2722 quidam
1022 2649 1103 2695 cen·

103 2741 187 2802 sent
216 2728 505 2820 praedicamenta
540 2750 614 2798 esse
643 2725 793 2797 nomina
816 2739 999 2813 statuum,
1033 2721 1103 2798 hoc

104 2846 173 2918 cst,
194 2829 296 2923 signa
312 2831 504 2927 quaedam,
529 2827 683 2926 ideoque
699 2831 798 2900 filum
815 2832 1012 2927 quoddam,
1030 2855 1104 2925 quo

104 2935 293 3028 digeratur
314 2933 434 3004 omnis
455 2929 645 3003 artificiosa
672 2931 810 3018 oratio,
825 2937 875 3003 'ut
894 2934 986 3006 side
1004 2932 1105 3006 iusti·

104 3041 156 3110 tia
191 3037 384 3110 dicendum
417 3035 484 3119 sit,
517 3034 676 3131 primum
710 3038 755 3106 de
789 3035 865 3110 eius
890 3035 1106 3122 substantia,

105 3141 256 3240 quaeri,
282 3163 374 3238 quae
391 3163 449 3212 res
464 3139 524 3224 sit,
547 3151 685 3232 postea,
711 3151 861 3234 quanta,
885 3140 980 3224 etin
995 3163 1104 3235 qnam

104 3247 245 3320 multos
259 3245 387 3317 modos
403 3247 614 3340 spargatur,
639 3243 770 3314 deinde
786 3239 902 3338 qualis
917 3243 982 3329 sit,
1007 3241 1106 3312 utilis

107 3377 157 3424 an
172 3349 333 3435 inutilis,
360 3362 447 3434 etc„
473 3345 563 3418 etin
579 3341 648 3416 bac
663 3339 840 3418 sententia
857 3337 1106 3440 Quintilianus

105 3457 197 3541 fnit,
231 3478 343 3549 quarn
364 3449 431 3526 etsi
453 3474 531 3524 uon
553 3449 745 3544 improbo,
778 3462 903 3524 minen
924 3445 984 3520 bie
1004 3447 1106 3543 sequi

104 3584 186 3632 non
207 3558 297 3630 libet
311 3555 383 3654 ¹¹),
419 3552 595 3639 maxime,
630 3577 712 3625 cum
737 3574 855 3648 neque
880 3551 1106 3624 Graecorum
1154 3647 1160 3656 1
1198 3597 1202 3604 -

103 3665 224 3747 ullus,
250 3685 342 3758 quos
355 3655 527 3745 viderim,
550 3655 801 3752 adstipuletur,
826 3653 980 3752 proinde
995 3653 1107 3724 ratio-

599 195 677 274 vlt.
731 191 1099 270 COMPENDIARIA
1125 189 1438 264 DlALEC'l'lCES
1463 189 1627 264 RATIO.

2048 195 2135 271 ’718

1144 388 1352 437 caussarum
1369 379 1404 436 et
1417 361 1616 437 thematum
1633 365 1789 437 civilium
1806 365 2052 466 adornant¹⁸),
2070 393 2139 440 nn-

1145 471 1190 539 de
1205 471 1422 561 depromant
1436 482 1645 560 argumenta
1664 470 1879 566 figurasque,
1905 484 1981 542 tum
1997 483 2139 542 senten-

1111 659 1116 666 ’
1145 674 1244 744 locos
1266 698 1349 746 suos
1362 671 1430 769 ¹¹),
1465 675 1528 769 qui
1550 675 1780 766 suppeditent
1801 698 1923 747 rerum
1946 675 2141 762 finitiones,

1146 777 1185 844 in
1200 799 1322 848 caussa
1339 781 1458 847 exacte
1476 790 1512 845 et
1527 777 1675 870 proprie
1695 781 1902 864 tractanda,
1928 790 1964 848 et
1987 778 2025 847 in'
2047 778 2140 850 iudi-

1147 881 1270 954 canda.
1295 879 1370 971 ipsa
1405 875 1605 950 thematum
1638 893 1781 953 natura.
1844 877 2031 952 Rhetorici
2056 877 2142 966 loci,

1148 1007 1228 1052 curn
1252 984 1299 1051 ad
1322 981 1438 1050 civilia
1461 984 1603 1074 negotia
1627 983 1853 1075 pertineant,
1879 1009 1955 1054 non
1969 997 2042 1053 tam
2060 1005 2141 1053 exa·

1147 1095 1240 1154 etam
1266 1107 1307 1156 ae
1330 1084 1496 1156 subtilem
1519 1110 1640 1157 rerum
1669 1086 1848 1156 rationem
1878 1087 2142 1181 praescribunt,

1148 1211 1256 1282 quam
1273 1187 1468 1271 dialectici,
1496 1189 1558 1284 qui
1573 1201 1750 1284 quatenus
1763 1190 1841 1259 fieri
1856 1202 1993 1281 potest,
2011 1188 2141 1276 ,omnia

1147 1289 1395 1382 propriissime
1423 1313 1464 1360 ae
1490 1293 1685 1363 certissime
1706 1291 1911 1384 expediunt.
1981 1290 2142 1361 Proinde

1147 1393 1327 1464 studiosos
1351 1417 1502 1479 moneo,
1526 1408 1568 1464 ut
1591 1396 1736 1467 ordines
1756 1419 1876 1466 rerum
1894 1395 1962 1466 sibi
1978 1405 2142 1466 accurate

1149 1496 1326 1588 digerant,
1352 1496 1528 1590 equibus,
1548 1497 1743 1593 siquando
1760 1523 1844 1570 usus
1863 1509 2000 1592 poscat,
2020 1521 2142 1568 rerum

1147 1598 1328 1669 finitiones
1348 1611 1485 1691 petant.

1250 1701 1546 1772 Praedicarnenta
1582 1715 1739 1798 quatuor
1771 1715 1866 1773 sunt.
1924 1699 2144 1786 Substantia,

1150 1806 1352 1899 quantitas,
1379 1805 1554 1900 qualitas,
1579 1805 1720 1876 relatio.
1781 1805 1986 1876 Substantia
2013 1817 2066 1875 est
2086 1827 2143 1874 res

1150 1931 1215 1999 per
1236 1926 1311 1978 sese
1335 1907 1505 1978 existens:
1541 1909 1719 2002 planeque
1742 1909 1797 1991 id,
1832 1931 1905 2002 quo
1929 1931 1993 1978 ceu
2015 1907 2145 1978 sunda·
2209 1941 2213 1948 ·

1148 2021 1274 2083 mento
1297 2009 1495 2080 accidentia
1516 2011 1694 2082 nituntur.

1379 2145 1504 2216 Ordo
1532 2143 1918 2217 substantiarum.

1546 2265 1750 2337 Substantia

1320 2381 1504 2514 corporea
1815 2409 2032 2509 luqorporea

1146 2514 1707 2576 ae-n—axai-s
1733 2509 1833 2580 Ἕω,
1850 2517 1984 2584 sngelm,
2001 2513 2095 2570 mins

1282 2592 1442 2680 Simplex
1649 2588 1872 2679 Composita.

1155 2693 1323 2778 Coelum,
1349 2691 1579 2864 ffiqeqqtrqm
1677 2845 1686 2859 ⁸
1756 2684 1764 2810 Ι
1909 2844 1919 2861 0
2012 2800 2016 2808 Ι

1331 2861 1548 2928 'sermm
1583 2843 1757 2914 lnanrmrs
1848 2845 2018 2914 Anrmata

1566 2943 1656 3012 lepis,
1673 2955 1783 3010 genus
1940 2941 1947 3016 Ι

1678 3049 1842 3154 Sentiens
1893 3081 1978 3154 Non
1994 3048 2151 3151 sentiens

1685 3185 1833 3257 Animal
1954 3182 2077 3277 planta

1440 3289 1992 3411 lutelleetmtum

1440 3444 1561 3515 Homo
1836 3438 1931 3522 Bos,
1957 3434 2078 3510 asinus

1442 3545 1614 3639 Virgilius
1703 3641 1706 3651 Ι
1838 3541 1907 3612 Hic
1925 3541 2004 3612 bos.

1261 3667 1303 3741 ln
1330 3665 1427 3762 hunc
1458 3668 1622 3738 ordinem
1656 3666 1777 3759 digere
1809 3677 1844 3734 et
1870 3656 2152 3736 substantiarum

104 3792 194 3840 nem
216 3779 252 3836 et
267 3787 373 3838 usum
395 3760 792 3856 praedicamentorum,
818 3783 928 3856 quam
948 3782 1109 3853 possum,
1158 3785 1297 3869 parm,
1323 3787 1364 3846 ut
1380 3795 1528 3855 manue,
1552 3771 1680 3867 pedes,
1702 3779 1877 3843 ventrem,

105 3867 374 3944 absolutissime
392 3863 592 3938 subiiciam.

213 3973 511 4048 Preedieamenta
521 3965 568 4059 ¹¹)
582 3980 666 4040 sunt
681 3961 826 4040 ordines
840 3989 975 4038 rerum.
1013 3963 1108 4036 Con-

104 4087 250 4158 ducunt
271 4089 392 4150 autem
411 4075 450 4144 in
470 4071 598 4168 primis
622 4072 668 4141 ad
682 4067 1109 4172 colligendastinitiones,

1262 3876 1416 3973 Reliqua
1445 3873 1736 3968 praedicamenta
1759 3868 1851 3956 tria,
1883 3879 1967 3957 sunt
1991 3863 2154 3937 acciden-

1158 3981 1249 4053 tium
1271 3979 1428 4051 ordines.
1479 3975 1655 4053 Accidens
1668 3987 1741 4060 est,
1768 3974 1866 4069 quod
1881 3970 1931 4042 ita
1948 3965 2155 4043 substantiis

1159 4083 1325 4170 additur,
1349 4095 1539 4156 uteorum
1560 4092 1710 4154 naturas
1730 4101 1805 4151 non
1820 4073 1947 4145 variet.
1998 4069 2155 4151 Ordines

104 4202 146 4260 et
170 4189 218 4256 ad
242 4177 450 4256 discrimina
474 4175 700 4256 finitionum
733 4196 800 4244 nec
822 4169 919 4265 enim
940 4196 1035 4276 unus
1056 4183 1110 4242 est
1159 4201 1232 4260 m,
1251 4200 1352 4260 mm,
1405 4177 2154 4282 Qmfigag‚Qua1;23,‚“eorumquae

102 4287 263 4362 liniendi
275 4285 426 4365 medus,
451 4292 493 4352 ut
508 4280 619 4374 paulo
633 4290 715 4373 post
727 4271 960 4370 exponemus.
999 4273 1108 4358 Nam,

104 4394 175 4490 qui
205 4415 262 4463 res
290 4390 329 4458 in
350 4381 449 4456 hune
468 4382 843 4476 praedicamentorum
868 4377 1033 4448 ordinem
1054 4375 1108 4448 di·

102 4518 273 4593 gessere,
304 4490 499 4586 prudentes
529 4508 615 4558 sane
636 4478 822 4580 homines,
855 4481 1051 4553 voluerunt
1069 4480 1108 4549 in

101 4605 213 4674 locos
240 4595 417 4690 quosdam
440 4609 650 4666 communes
672 4610 797 4686 omnes¹
817 4583 1006 4685 testatius
1028 4583 1109 4656 uni-

101 4699 293 4778 versitatis
315 4695 503 4786 colligere,
537 4703 577 4762 ut
595 4686 631 4764 si
657 4689 745 4784 quid
769 4661 1109 4788 occurreretexpli·
1193 4743 1197 4751 .

102 4806 292 4885 eandum,
317 4798 596 4878 declarandum,
629 4816 670 4861 ae
692 4792 955 4875 deliniendum,
986 4787 1108 4886 statim

102 4935 153 4986 ex
181 4898 482 5002 praedicamentis
550 4907 688 4968 teretur
710 4897 786 4968 eius
806 4890 978 4971 thematis
1002 4884 1111 4974 ratid,

102 5037 181 5088 eeu
199 5034 218 5080 e
236 5003 487 5078 communibus
516 4998 612 5084 ocis,
631 5021 695 5083 seu
708 4997 960 5090 communibus
973 4995 1111 5066 lorum·
1377 5071 1386 5090 υ

101 5119 171 5190 lis.
223 5085 342 5206 Atque
364 5120 405 5181 ut
418 5100 581 5179 rhetores
596 5104 694 5172 locos
707 5100 887 5197 'quosdam
902 5121 1112 5171 communes
1213 5075 1426 5168 Suleffiffl

107 5253 328 5272 ...μ-σπ-ι-

1158 4293 1364 4364 referuntur
1382 4286 1553 4358 adalind.

1211 4393 1404 4489 Quantitas
1425 4402 1478 4463 est
1501 4411 1622 4460 rerum
1645 4399 1722 4456 turn
1747 4382 1956 4476 longitudo,
1982 4391 2058 4450 tum
2073 4375 2155 4446 lati-

1263 4498 1371 4579 tudo,
1397 4505 1474 4565 tum
1493 4488 1731 4584 profunditas.

1316 4653 1321 4669 ¹
1415 4637 1947 4738 Ordo'quabtltatum;'''
1992 4641 2063 4737 ,·”·
2128 4643 2138 4680 ¹

1344 4764 1348 4776 ¹
1557 4751 1796 4870 Quantitas.¹
1875 4741 2137 4790 ''¹'‘'·¹“''‘'

1833 4824 2037 4956 ⁴·n.·.³.....··
2193 4859 2197 4866 .

1836 4947 2136 5092 ³Ndmem'‘·'

1789 5074 1793 5084 ·
1848 5060 1856 5082 s
1918 5069 1921 5079 ¹
2111 5066 2137 5092 ιι

1213 4867 1392 4942 Continna

1151 4977 1155 4990 '
1212 4973 1329 5043 Linea

1215 5178 1356 5272 Corpus

148 5307 202 5376 tt)
218 5309 320 5363 sumt
338 5317 445 5376 ηιμ
475 5303 620 5372 'minor
643 5300 672 5354 tu
696 5301 805 5359 ιιθιιιο
822 5300 1113 5366 ’susannam
1177 5303 1383 5318 ·-“·““·“···

150 5381 322 5514 ἥξτιὲοοῗ
340 5455 446 5513 ηιμ
473 5443 550 5495 Usus
567 5439 860 5508 prsstlmtoruss.

1201 5365 1236 5418 tt
1266 5363 1367 5416 Annot
1385 5372 1492 5426 terge
1516 5359 1584 5414 laert
1603 5355 1747 5410 rhetortrl.

1202 5435 1237 5488 tt
1269 5431 1370 5484 snm
1388 5439 1493 5496 netga
1518 5427 1585 5481 bod
1604 5424 1750 5480 aennon
1832 5441 1840 5467 ι
