4910 5964
128 241 206 342 sat
315 257 361 334 v.
394 257 671 339 „aaronita
697 243 939 355 Quluoau
965 249 1246 334 saurtras
1271 222 1423 335 mian
1447 261 1682 336 araneas
1704 262 1988 341 cannones.
2099 252 2176 343 sao

123 432 227 502 venit
241 431 300 501 ille
314 455 468 524 sponsus
491 457 572 503 cum
596 421 669 505 suis
692 433 874 508 sodalibus
896 433 944 502 ad
966 432 1124 524 nuptias,

123 558 280 630 eumque
302 533 376 604 iam
406 531 498 606 hora
529 547 679 633 quarta,
717 537 820 608 sicuti
846 537 897 606 ibi
921 537 1033 606 moris
1059 547 1123 620 est,

122 638 323 731 ingressuri
342 652 459 710 essent
482 638 677 732 templum,
712 662 806 710 unus
833 663 875 709 ex
899 639 1026 722 sociis,
1061 637 1125 734 qui

122 765 298 836 sponsum
311 743 479 812 ,comitati
499 745 663 826 fuerant,
697 743 816 834 coepit
840 744 879 811 in
898 737 1122 836 hypocausto

121 843 280 936 ineptire
296 856 332 914 et
345 845 470 916 ludere
484 869 565 915 cum
578 845 792 930 bombarda‚
820 845 974 937 opponit
989 865 1121 937 sponso

120 947 362 1018 bombardam
395 948 434 1017 in
467 951 617 1020 modum
648 948 850 1018 minitantis
889 971 954 1040 per
990 948 1123 1029 iocum,

114 1049 324 1121 bombarda
350 1049 542 1122 eiaculavit
565 1051 734 1143 globum,
767 1063 803 1120 et
824 1050 992 1122 interficit
1014 1061 1122 1141 spon'·

116 1177 204 1224 sum
230 1173 273 1222 eo
299 1158 378 1245 ipso
398 1154 438 1222 in
462 1155 571 1239 loro,
589 1167 626 1224 et
649 1153 822 1228 continuo
848 1154 1040 1246 procidens
1063 1165 1122 1248 ert-

119 1256 257 1328 tinctus
273 1268 344 1337 est;
378 1257 441 1327 alii
465 1259 590 1354 dieunt
614 1280 785 1350 sponsam
808 1245 988 1349 a‘sponso
1011 1255 1122 1324 inter-

118 1359 252 1431 fectam
269 1378 364 1444 esse,
391 1363 492 1455 quod
507 1362 622 1431 multo
640 1360 777 1431 tristius
792 1370 861 1432 est.

225 1495 369 1589 XXXV,
405 1486 822 1590 Lazarus'Pairnonirus
848 1481 1030 1600 professor
1051 1473 1121 1566 Pa‘-

119 1599 267 1698 tav'inus
292 1595 580 1694 interrogaverat
601 1595 796 1701 aliquando
821 1600 979 1693 puellam
1004 1601 1121 1691 obses·

118 1729 198 1775 sam
217 1727 237 1772 a
253 1701 431 1787 Diabolo,
459 1729 552 1800 quae
568 1729 758 1800 nunquam
773 1705 966 1800 quicquam
987 1701 1121 1774 didice-

117 1820 181 1877 rat
201 1807 334 1891 latine,
366 1805 428 1902 qui
452 1821 543 1904 esset
566 1809 725 1900 optimus
749 1807 873 1878 versus
894 1808 932 1876 in
954 1805 1119 1897 Virgilio.

117 1909 326 2007 Respondit
346 1907 522 1981 Diabolus
537 1908 597 2011 'err¹
613 1910 751 2004 puella:
773 1908 919 1996 ,Discite
944 1909 1120 1980 iustitiam

118 2013 254 2084 moniti
269 2026 305 2082 et
321 2037 397 2083 non
413 2026 574 2084 temnere
589 2005 783 2108 divos¹³')‘.
954 2007 958 2017 ⁴

141 2147 383 2234 ··...rxxxvt
426 2150 519 2232 Cum
552 2150 780 2244 aliquamdiu
807 2149 997 2222 mediocris
1030 2150 1120 2217 cari·
1165 2191 1172 2210 .

121 2250 235 2349 mro)
252 2277 421 2336 annonae
437 2266 528 2326 esset
538 2248 584 2350 Π)
599 2267 635 2325 et
650 2255 802 2329 tandem¹
814 2253 1008 2335 leniretur,
1039 2270 1120 2320 eve-

117 2351 180 2426 hit
202 2380 245 2431 ex
264 2357 390 2429 salinis
410 2353 597 2440 saxonicis
620 2356 770 2450 quidam
791 2349 985 2439 rusticus,·'
997 2354 1062 2448 qui
1080 2354 1119 2426 iu

39 2461 42 2468 ’
118 2457 249 2530 urbem
263 2460 449 2543 invexerat
463 2461 710 2543 frumentum·
721 2471 764 2532 ut
776 2459 959 2542 venderet,
987 2469 1022 2526 et
1037 2481 1118 2536 cum

118 2560 230 2639 vilius
249 2565 442 2653 cogebatur
456 2563 612 2634 vendere
634 2574 785 2654 propter
801 2563 934 2632 factam
957 2571 1042 2630 tunc
1063 2584 1119 2630 re-
1168 2624 1171 2639 ,

117 2663 371 2751 laxationem,
401 2666 537 2751 doluit,
584 2666 684 2760 quia·
706 2664 862 2739 multum
895 2665 1117 2737 frumentum

118 2766 243 2838 domi·
265 2763 459 2854 habuerat,
505 2780 542 2838 et
570 2769 757 2840 caritatem
794 2768 1006 2836 duraturam
1043 2791 1119 2838 esse

118 2884 331 2962 speraverat
348 2895 519 2964 magnum
534 2872 692 2952 lucrum;
720 2870 813 2944 sedit
826 2869 937 2960 igitur
953 2869 1120 2941 incurro

118 2987 293 3058 moestus,
318 2987 354 3044 et
367 2974 531 3044 minister
545 2973 653 3060 illius,
677 2971 742 3068 qui
756 2973 982 3064 gubernabat
995 2996 1119 3068 equos,

118 3077 321 3169 sensuriga
340 3078 502 3153 canebat.
539 3077 707 3148 Rusticus
723 3079 886 3168 increpat
901 3074 1119 3159 ministrum,

121 3203 237 3272 quare
267 3195 384 3252 canat.
442 3181 648 3272 Respondit
670 3179 853 3251 minister:
894 3178 1017 3270 Quare
1043 3201 1120 3248 non

1176 447 1240 506 est.
1267 472 1271 480 ·
1293 433 1390 504 llaec
1407 459 1490 504 vere
1508 461 1582 508 esse
1598 437 1773 508 diabolica

1177 550 1400 630 carepotest.
1419 601 1420 606 ,

1278 671 1450 745 XXXVII.
1489 674 1587 744 Olim
1614 675 1753 746 nobiles
1777 679 1885 746 etiam
1912 679 1950 746 in
1976 679 2175 748 Germania

1176 777 1440 867 sepeliebantur
1455 767 1595 848 tantum
1613 779 1652 848 in
1669 779 1823 870 campis,
1846 793 1881 849 et
1898 806 1970 876 quo
1988 794 2093 850 erant
2107 775 2174 850 ho-

1175 881 1290 951 mines
1314 881 1556 972 potentiores,
1598 906 1640 951 eo
1665 881 1821 952 maiores
1844 884 1975 954 tumuli
2004 908 2174 976 congere-

1174 982 1318 1054 bantur.
1373 981 1440 1052 llic
1454 997 1539 1055 nota
1557 979 1745 1054 historiam
1770 987 1817 1072 de
1838 1009 1899 1070 eo,
1937 985 2000 1082 qui
2020 985 2173 1080 putaba-

1175 1097 1234 1153 tur
1255 1112 1349 1159 unus
1365 1112 1415 1156 ex
1440 1087 1630 1158 comitibus
1649 1086 2036 1181 Landespergensium.
2086 1087 2172 1160 Non

1175 1189 1301 1283 procul
1316 1183 1400 1262 binc
1416 1191 1485 1260 fuit
1499 1190 1625 1282 ingens
1650 1191 1809 1262 tumulus
1835 1191 1927 1260 circa
1947 1189 2172 1290 Landsperg‚

1792 423 1944 536 quilibet
1958 463 2066 513 sanus
2081 441 2174 530 iudi·

1105 1371 1111 1389 .
1174 1291 1258 1360 inde
1288 1293 1411 1363 rustici
1436 1293 1533 1363 soliti
1554 1302 1637 1364 sunt
1659 1293 1781 1368 fodere
1804 1293 2002 1386 argillam„
2022 1295 2170 1364 tandem

1104 1394 1109 1403 '
1175 1391 1269 1463 inter
1284 1395 1494 1488 fodiendum
1509 1398 1738 1490 reperierunt
1760 1396 1917 1490 lapidem
1941 1397 2170 1494 quadratum.

1173 1495 1270 1582 Haec
1286 1523 1342 1568 res
1361 1525 1441 1568 cum
1457 1494 1573 1570 delata
1591 1512 1681 1570 esset
1698 1495 1745 1570 ad
1760 1500 1980 1592 praefectum
1998 1501 2073 1572 eius
2086 1501 2184 1593 loci,

1172 1601 1259 1671 iussi
1283 1613 1367 1672 sunt
1389 1603 1511 1674 rustici
1544 1603 1712 1674 desistere
1745 1628 1764 1672 a
1791 1604 1985 1688 fodiendo,
2026 1605 2169 1701 et'quia

1173 1699 1361 1776 thesaurus
1376 1701 1582 1781 reconditus
1595 1706 1826 1790 credebatur,
1854 1707 2022 1777 conducti
2042 1720 2126 1777 sunt
2147 1731 2169 1778 a

1171 1811 1375 1898 praeferto,
1417 1809 1480 1904 qui
1513 1809 1722 1884 effoderent.
1794 1805 2016 1880 Invenerunt
2048 1817 2170 1879 autem

1173 1911 1292 2003 primo
1317 1911 1431 1984 silices
1456 1913 1606 1998 multos,
1644 1924 1769 2004 postea
1795 1915 1990 1998 carbones,
2020 1915 2168 1982 tandem

1172 2038 1295 2084 saxum
1320 2015 1557 2109 quadratum,
1591 2028 1626 2084 et
1647 2028 1831 2108 postremo
1855 2013 2009 2088 cadaver
2031 2009 2167 2104 'grande

1173 2141 1215 2184 ac
1236 2140 1440 2209 procerum.
1505 2115 1552 2188 Et
1575 2119 1622 2188 ad
1644 2129 1752 2212 caput
1779 2119 1990 2202 e’rat'urna,
2033 2117 2168 2214 inqua

1172 2221 1396 2314 eratliquor
1422 2213 1548 2290 similis
1576 2223 1768 2292 cerevisiae
1795 2234 1831 2293 et
1856 2217 2054 2311 grapheum
2083 2221 2106 2289 i.
2133 2245 2165 2295 e.

1172 2345 1282 2400 aenea
1307 2323 1364 2392 'vel
1387 2337 1490 2392 aerea
1519 2333 1657 2414 penn'a,
1700 2325 1767 2402 (Sin
1793 2314 1996 2419 [breibftbtt
2018 2326 2085 2418 tufi
2110 2321 2168 2416 stt
2273 2343 2275 2348 ’

1171 2424 1335 2544 gemant,
1374 2427 1457 2518 quia
1477 2425 1767 2497 fuitadmodum
1794 2432 1916 2498 rarum
1945 2441 1980 2498 et
2002 2427 2168 2498 mirabile

1171 2528 1233 2597 illo
1261 2541 1424 2620 tempore
1451 2529 1490 2596 in
1512 2523 1569 2599 his
1592 2530 1819 2621 regionibus,
1860 2524 1964 2622 posse
1986 2532 2104 2622 legere
2132 2541 2169 2600 et

1171 2631 1345 2714 scribere,
1372 2632 1454 2700 ideo
1481 2631 1645 2702 additum
1670 2647 1723 2704 est
1741 2631 1794 2700 illi
1816 2635 2022 2732 γραφεῖον,
2047 2646 2105 2716 ut,
2137 2633 2169 2705 si

1171 2735 1318 2829 quando
1353 2745 1436 2826 post
1463 2736 1596 2805 multos
1628 2734 1980 2807 annos'effoderetur
2012 2733 2168 2807 cadaver
2270 2744 2275 2754 “

1164 2837 1295 2936 lipsius,
1316 2832 1483 2908 homines
1496 2837 1629 2910 scirent
1644 2837 1761 2931 ipsum
1776 2839 1933 2913 tenuisse
1951 2839 2064 2910 art'em
2082 2828 2169 2908 scri·
2214 2831 2220 2842 ’

1170 2940 1278 3011 bendi
1296 2953 1331 3010 et
1345 2941 1504 3032 legendi3
1533 2941 1708 3011 creditum
1726 2948 1779 3014 est
1791 2939 1909 3034 ipsum
1927 2943 2033 3040 fuisse
2053 2966 2168 3033 unum

1172 3055 1215 3113 ex
1236 3043 1426 3115 comitibus
1442 3040 1807 3140 Landspergensium.

1181 3149 1209 3160 Η
1253 3175 1478 3264 ,XXXVIIIL
1513 3179 1591 3250 Rex
1611 3151 1864 3266 Ptolomaeus,
1894 3183 1957 3276 qui
1972 3180 2168 3271 Euergetes

121 3281 314 3354 canerem?
374 3283 452 3376 Ego
475 3281 613 3366 laetor,
653 3285 753 3377 quod
775 3305 922 3356 annona
950 3281 997 3351 sit
1025 3281 1119 3352 lacta
1171 3282 1287 3355 dictus
1301 3293 1374 3366 est,
1402 3306 1483 3352 cum
1496 3281 1536 3349 in
1545 3283 1708 3374 prandio
1729 3285 1827 3375 apud
1846 3307 1883 3354 se
1907 3279 2061 3360 haberet
2071 3285 2170 3356 Stoi·

117 3385 258 3470 laxior,
275 3379 371 3480 guia
387 3383 497 3469 hodie
512 3387 581 3458 fuit
595 3385 715 3461 mistus
737 3385 1029 3479 pretiumqoam
1056 3395 1138 3455 an-'
1172 3410 1253 3474 cum
1277 3385 1459 3480 quendam
1484 3385 1726 3476 disputantem
1745 3386 1841 3457 inter
1855 3387 2000 3476 epulas,
2022 3389 2168 3478 sapien·

120 3500 193 3559 tea.
239 3487 430 3571 Rusticus:
456 3487 620 3560 Laetaris
632 3501 685 3574 tu,
710 3487 848 3582 inquit,
873 3509 955 3556 meo
973 3487 1120 3570 damno,
1172 3501 1243 3579 ιοῳ
1261 3512 1458 3580 nonposse
1479 3511 1623 3571 errare,
1650 3488 1825 3580 postridie
1845 3487 1976 3560 iterum
2000 3489 2169 3560 invitavit

118 3613 246 3679 nonne
270 3590 371 3665 vides
393 3615 452 3666 me
473 3616 644 3686 magnam
674 3592 849 3663 iacturam
878 3588 1022 3662 lacere?
1072 3587 1121 3660 Et
1170 3616 1234 3662 rex
1258 3592 1411 3674 eundum
1442 3585 1723 3685 philosophum,
1760 3605 1797 3662 et
1824 3590 1930 3674 iussit,
1948 3591 2022 3662 eia
2049 3615 2166 3685 rogaro

119 3695 288 3768 minister
316 3689 435 3788 pergit
465 3697 653 3780 canendo,
692 3695 830 3766 interea
865 3693 935 3764 sibi
965 3692 1120 3765 rusticus
1173 3718 1282 3789 quam
1312 3706 1433 3787 posset
1465 3695 1601 3787 optime
1624 3695 1835 3786 praeparari
1859 3696 2026 3769 merdam
2049 3695 2168 3786 specie

119 3811 279 3868 mortem
299 3799 491 3884 conscivit,
516 3801 555 3869 in
569 3821 678 3870 curru
695 3797 896 3890 strangulat
916 3821 954 3868 se
975 3797 1120 3890 laqueo,
1171 3799 1290 3883 turdi,
1314 3796 1481 3896 quam¹⁸)
1502 3798 1535 3868 ei
1556 3797 1652 3868 inter
1666 3799 1827 3894 reliquos
1840 3797 1939 3873 eibos
1956 3811 2168 3892 apponeret.

119 3913 160 3979 et
179 3903 336 3982 famulus
359 3903 531 3994 ignorans
555 3901 683 3994 pergit.
750 3899 866 3972 Paulo
891 3911 975 3992 post
997 3923 1122 3970 occur·
1172 3900 1319 3998 Coquus
1333 3913 1588 3994 paratstereus
1604 3913 1640 3975 et
1655 3925 1764 3997 quam
1779 3900 1915 3995 optime
1937 3902 2081 3985 condit,
2105 3925 2169 3994 ap-

119 4006 260 4079 runtei
276 4005 359 4091 alii,
385 4006 449 4102 qui
468 4006 593 4076 vident
613 4004 788 4078 rusticum
809 4015 995 4072 mortuum
1022 4013 1119 4073 retro
1166 4006 1321 4098 ¹ponitur
1342 4000 1572 4101 philosopho.
1625 4004 1766 4090 Stoicus
1787 4025 1897 4102 quam
1917 4017 2037 4097 potest
2058 4006 2169 4074 devo-
2212 4019 2214 4026 '

121 4127 146 4176 a
179 4131 286 4180 curru
314 4109 456 4202 raptari
484 4110 670 4202 alligatum
692 4108 844 4203 laqueo,
885 4105 1121 4200 alloquuntur
1171 4121 1230 4178 rat
1259 4121 1414 4192 stercus,
1456 4121 1579 4200 postea
1603 4131 1667 4196 rer
1690 4111 1821 4192 iterum
1847 4108 2048 4200 interrogat
2073 4131 2170 4194 euro,
2271 4133 2278 4140 ·

111 4209 331 4291 ,ministrum
348 4225 561 4298 canentem,
587 4211 675 4307 quid
691 4223 795 4302 agat,
819 4209 945 4280 iubent
967 4231 1048 4278 eum
1065 4233 1120 4278 re·
1167 4236 1260 4294 ,num
1277 4211 1421 4304 sapiens
1433 4213 1547 4303 possit
1561 4235 1696 4296 errare.
1744 4209 1808 4282 llle
1824 4211 2066 4303 coepitlonga
2084 4231 2169 4282 nar-

115 4314 273 4407 spicere.
324 4313 387 4386 llle
409 4315 615 4389 admonitus
634 4313 798 4407 respicit,
828 4312 928 4392 videt
946 4335 983 4382 se
1004 4307 1121 4383 domi·
1170 4315 1313 4403 ratione
1330 4314 1464 4402 iterum
1481 4317 1654 4406 probare,
1678 4315 1880 4409 sapientem
1892 4337 1968 4389 non
1986 4335 2092 4407 posse
2113 4337 2169 4386 er·

115 4441 213 4490 num
241 4412 384 4490 trabere
407 4433 606 4512 mortuum.
670 4417 876 4488 Perterrefit
902 4414 1059 4489 famulus
1086 4426 1121 4484 et
1171 4442 1288 4491 rare..
1318 4417 1414 4488 Tum
1437 4442 1501 4490 rex
1523 4419 1622 4490 iubet
1647 4418 1777 4500 adduci
1796 4441 1976 4514 coqumm
2003 4431 2040 4490 et
2059 4418 2171 4488 inter-

116 4518 406 4618 oratbomines,
432 4547 512 4594 cum
527 4509 1055 4604 tueritvocatusiniudiciom,
1080 4529 1122 4588 ut
1171 4533 1296 4613 rogat,
1323 4521 1412 4619 quid
1427 4521 1481 4592 illi
1495 4523 1706 4614 apposuerit
1721 4525 1768 4592 ad
1784 4524 2058 4608 comedendum.
2100 4519 2170 4591 Co-

121 4626 239 4696 velint
270 4650 345 4698 esse
376 4639 502 4712 testes,
542 4627 640 4720 quod
666 4627 743 4718 ipse
765 4622 899 4694 sederit
922 4644 1053 4692 canens
1081 4621 1120 4690 in
1172 4649 1264 4719 quus
1294 4626 1397 4717 prius
1422 4625 1634 4711 instructus,
1677 4626 1766 4722 quid
1796 4628 2033 4719 respondeat,
2066 4623 2170 4696 dicit:

118 4753 220 4824 equo
237 4729 409 4820 ignorans
425 4731 578 4812 lactum,
605 4752 642 4800 se
664 4729 827 4822 prolecto
853 4749 1041 4819 nunquam
1064 4747 1121 4801 re·
1172 4727 1335 4813 Orouino
1354 4751 1428 4812 ¹rer
1457 4729 1633 4822 proposui
1656 4731 1691 4800 ei
1715 4733 1878 4816 merdam
1898 4731 1992 4813 bene
2017 4739 2170 4814 restam.

115 4831 282 4926 spexisse
299 4834 345 4914 ad
362 4834 553 4907 domiuum
576 4855 702 4916 suum,
728 4829 973 4910 sednarravit
995 4827 1045 4900 eis
1065 4839 1121 4898 tu-
1171 4833 1251 4904 tter
1267 4831 1516 4928 quesivimus:
1540 4833 1639 4928 Quid
1654 4833 1728 4919 illi,
1751 4833 1892 4930 ingerit,
1922 4829 2170 4925 proposuisti?

121 4950 202 5007 tam
219 4940 467 5028 rem'gestam,
500 4950 536 5007 et
560 4935 689 5015 deinde
714 4935 754 5006 in
779 4930 913 5005 iudicio
937 4932 1121 5020 absolutae
1165 4937 1306 5020 lateor,
1340 4958 1417 5006 non
1441 4936 1513 5006 soit
1534 4927 1832 5021 mrduc't'uoc
1856 4956 1993 5031 coquus
2013 4935 2171 5028 protulit

1172 5039 1351 5134 reliquum
1378 5040 1543 5125 merdas,
1557 5104 1561 5117 Ι
1576 5040 1809 5136 disitquse-
1831 5040 1876 5122 ei,
1896 5035 1993 5123 hunc
2020 5033 2171 5114 turdum

160 5200 228 5271 ¹⁶⁸)
246 5202 329 5268 m
347 5199 418 5258 m·
437 5193 488 5268 Vl,
504 5175 569 5256 m
1172 5166 1417 5236 praeparasse.
1469 5135 1566 5214 'l'um
1592 5144 1683 5214 dixit
1702 5167 1768 5231 rere
1788 5145 1835 5221 ad
1854 5143 2035 5228 Stoicum:
2053 5141 2169 5234 -Ergo

162 5289 211 5360 ss)
229 5287 349 5358 unm]
375 5291 445 5341 taes
468 5299 523 5339 m
544 5287 575 5338 tn
596 5285 666 5340 cot
689 5285 724 5340 ιι,
746 5284 805 5338 ω.
824 5296 908 5340 ω,
930 5282 1123 5347 mma.
1172 5246 1315 5338 sapiens
1330 5245 1476 5318 erravit.
1526 5245 1580 5318 lta
1595 5262 1720 5342 postea
1740 5246 1881 5320 Stoicus
1897 5247 1966 5319 luit
1981 5248 2027 5318 ab
2052 5245 2171 5318 omni-

196 5361 328 5494 :biblia
350 5359 467 5412 metas
484 5351 678 5424 ‚,rrsu1tu.”,
707 5367 780 5422 quse
803 5366 822 5408 r
844 5354 935 5419 nnnc
952 5363 1037 5406 aar
1060 5354 1124 5406 eret
1855 5359 1860 5366 ·

162 5509 986 5579 tvmetJtesovoxlnmtneMmclptwt.
1030 5529 1072 5545 *-

183 5598 495 5666 marmora
539 5595 717 5664 verunt

1208 5505 1257 5565 sn
1276 5515 1359 5570 qn·
1375 5503 1452 5566 (nu.
1470 5498 1734 5646 emacem
1757 5513 1842 5568 m
1854 5503 1933 5566 (ωιι.
1951 5455 2078 5561 σιω-ό
2113 5535 2119 5544 -
