4938 5966
650 293 774 373 XCIV.
826 295 1154 373 uuauua'rlca
1186 297 1382 372 GRAECA
1413 297 1643 374 INTEGRA.

469 471 743 546 Articulum
783 505 787 512 ’
913 524 916 532 ⁴

219 600 383 699 Ἅρθρον
416 601 547 674 Graeci
580 605 625 674 ab
661 597 790 700 ἅρτάω
826 604 1012 686 derivant,
1054 626 1116 674 au·
1245 603 1251 612 “

117 719 200 775 tore
228 704 397 774 Manuale
421 703 682 800 Moscbopulo,
720 707 819 800 quod
844 703 914 777 boc
941 705 1118 780 orationis

117 808 283 878 membra
305 803 543 893 cohaereant,
576 810 767 879 nominum
792 826 894 881 casus
922 831 963 879 ac
985 831 1115 902 genera

116 913 425 982 internoscantur.
479 911 622 986 Minuta
636 912 814 984 sermonis
831 912 1028 1004 particula,
1054 913 1117 982 sed

117 1037 233 1109 quam
250 1015 281 1086 si
297 1013 414 1097 tellas,
431 1009 523 1084 nibil
541 1027 677 1107 aptum,
699 1010 790 1085 nihil
805 1015 999 1108 integrum,
1024 1009 1117 1084 nihil

117 1117 270 1190 sonabis
295 1117 432 1187 decens.
508 1117 560 1188 Ut
588 1118 684 1187 enim
714 1117 873 1188 articulis
910 1129 1116 1210 vegetamus
1150 1159 1153 1175 .

121 1220 288 1312 corporis
320 1219 481 1303 molem,
524 1221 575 1289 ita
606 1221 763 1294 articulis
791 1219 967 1292 orationis
996 1233 1116 1312 partes

120 1323 387 1395 discriminatas
418 1323 691 1416 compingimus.
753 1321 900 1416 ignorat
924 1322 1116 1393 articulum

119 1428 273 1497 omnino
301 1424 453 1495 Latinus
479 1449 619 1510 sermo,
661 1450 772 1522 quare
799 1425 940 1496 Latinis
968 1425 1115 1494 vocibus

118 1531 229 1600 reddi
247 1540 311 1598 ant
326 1528 459 1621 exponi
471 1531 610 1624 nequit.
662 1529 754 1602 Nam
773 1530 871 1624 quod
889 1526 1117 1620 grammatici

114 1632 313 1704 nominum
328 1631 625 1704 declinandorum
640 1633 779 1704 casibus
794 1632 1023 1714 addiderunt,
1043 1625 1115 1712 hic,

115 1732 230 1819 haec,
269 1730 358 1817 hoc,
400 1735 554 1806 docendi
586 1735 702 1826 gratia
732 1736 867 1821 iecere,
908 1757 985 1804 non
1002 1733 1115 1828 »quod

117 1861 242 1911 sermo
257 1835 409 1908 Latinus
426 1833 494 1916 hor
516 1833 666 1908 haberet
692 1837 873 1910 articulos.
925 1835 1115 1908 Germani-

117 1967 184 2015 cus
206 1961 327 2019 armo
349 1935 459 2015 babet
477 1939 690 2022 articulum,
724 1965 791 2011 nec
812 1941 948 2034 Graeci
974 1937 1117 2009 articuli

114 2045 194 2112 vim
219 2055 340 2113 exacte
364 2043 596 2134 cognoveris,
622 2043 693 2115 nisi
717 2068 761 2123 er
779 2042 997 2115 Germanico
1023 2041 1115 2112 idio-

108 2159 242 2224 mate:
256 2143 312 2214 Dc
330 2169 401 2240 qua
417 2170 457 2217 re
471 2145 577 2237 plura
591 2146 805 2219 disseremus
820 2149 859 2218 in
870 2144 1116 2238 Constructio-

114 2251 246 2332 nibns‚
284 2247 348 2318 ubi
371 2250 416 2317 de
438 2248 591 2318 articulo
614 2248 793 2340 copiosius
818 2273 983 2340 agemus,
1018 2238 1115 2341 quod

115 2353 182 2422 vix
214 2375 235 2418 a
269 2373 452 2444 quoquam
478 2351 622 2421 ‘videam
654 2347 748 2426 hanc
772 2350 948 2424 sermonis
973 2361 1115 2462 partem

6 2505 7 2510 κ
116 2455 230 2546 digne
247 2463 448 2524 tractatam.

223 2554 569 2626 Acciduntarticulo
584 2579 729 2648 genera,
752 2553 1006 2638 Masculinum,
1026 2551 1116 2623 Foe-

115 2658 324 2740 mininum,
352 2657 542 2732 Neutrum.

223 2738 377 2851 Numeri
399 2774 492 2844 tres,
510 2743 739 2853 Singularis,
770 2758 916 2841 Dualis,
950 2754 1116 2828 Pluralis.
1241 2807 1245 2818 .

112 2859 246 2931 Vincit
274 2863 370 2932 enim
392 2855 565 2934 Latinum
598 2886 801 2934 sermonem
823 2859 934 2932 Duali
963 2881 1116 2930 numero

114 2964 218 3038 Grae
278 2966 409 3060 copia„
816 3013 823 3032 .
847 3045 849 3052 Ι
1029 3033 1035 3048 ,

221 2988 338 3138 gesna
354 3069 531 3161 quatuor,
557 3063 889 3158 Nominativus”)‚
915 3063 1118 3150 Genitivus,

113 3169 297 3252 Dativns,
323 3170 566 3242 Accusativus.
618 3169 712 3240 Nam
730 3167 896 3238 Vocativi
919 3169 1038 3240 nullus
1065 3178 1118 3239 est

113 3271 313 3358 articulus,
337 3274 401 3345 scd
416 3273 495 3347 eius
509 3273 586 3345 vice
611 3271 749 3344 utimur
769 3271 940 3341 adverbio
962 3269 1117 3342 vocandi

84 3368 188 3470 'cis
215 3374 557 3477 dblitlivttssffl‘sslt
574 3375 611 3444 in
628 3375 836 3445 universum
850 3361 962 3445 caret.
1047 3447 1049 3452 ,
1149 3415 1157 3432 .

30 3567 33 3570 Ι
171 3477 175 3486 ’
227 3455 417 3548 Acc'idii‘et
430 3455 558 3592 ligurit
617 3476 709 3571 Sunt
726 3476 821 3546 enim
837 3475 1015 3569 simplices
1031 3471 1117 3544 arti·

118 3578 221 3670 culi,
245 3575 315 3682 ‘bi
342 3573 407 3674 cd,
432 3561 478 3673 'cir
504 3577 587 3676 viii.
748 3579 762 3596 ”

172 3686 176 3695 ’
194 3743 198 3750 .
219 3667 432 3776 'Compniiti
449 3676 533 3777 dds,
555 3679 653 3778 quod
667 3678 777 3753 habet
793 3683 866 3751 vim
892 3681 1117 3751 demonstra-

115 3781 189 3854 tivi
202 3776 433 3876 prononiinis
448 3775 534 3870 isti,
561 3783 669 3884 ὅςπερ
683 3781 775 3880 ἥπερ
799 3781 910 3882 ὅπερ,
937 3781 999 3878 qui
1025 3804 1116 3876 quae

118 3887 246 3982 quod,
273 3888 369 3960 idem
395 3889 510 3972 valet,
538 3890 634 3984 quod
656 3889 807 3978 simplex
827 3883 867 3969 ὃς
887 3881 911 3981 ἢ
935 3882 977 3979 ii,
1010 3879 1117 3975 ὅςτις,

118 3989 353 4083 quicunque,
374 4013 618 4097 Lquamquam
655 4001 826 4082 etsaepe
861 4014 929 4082 pro
963 3987 1117 4080 simplici

116 4096 388 4185 usurpetur.'‘s'
679 4094 682 4113 '
733 4089 734 4094 ’
791 4116 796 4127 ’

266 4337 270 4344 ,
402 4258 810 4338 ‚Declinatinnem

234 4431 238 4438 ψ
335 4379 448 4452 oeulis
462 4376 532 4450 bae
547 4381 668 4472 tabula
685 4379 913 4451 subiecimus.

437 4617 548 4690 Masc.
620 4615 674 4693 sai
700 4621 782 4692 τοῖν

621 4721 658 4793 οἱ
681 4725 760 4794 τῶν
784 4721 863 4802 τοῖς
887 4711 977 4799 τοὺς

114 4873 276 4944 Articuli
301 4897 408 4967 prae·

117 4975 285 5072 positivi·
435 4923 561 4996 Foem.
618 4921 666 4998 τὰ
688 4927 775 4998 ταῖν

620 5023 763 5101 αἰτῶν
788 5025 871 5106 ταῖς
894 5019 962 5106 τὰς

618 5126 661 5202 τὸ
686 5132 756 5202 τοῦ
781 5131 838 5224 τῷ
862 5123 907 5198 τὸ
959 5124 1038 5195 lloc

619 5227 673 5304 ard
697 5233 780 5306 τοῖν

617 5331 665 5407 cd
690 5338 768 5410 τῶν
792 5333 872 5413 τοῖς
894 5327 945 5402 τὰ

437 5231 564 5306 Neutr.

155 5525 208 5593 Β)
225 5524 432 5588 remmam]
448 5523 500 5577 ru.
518 5519 593 5576 tate.
612 5521 698 5574 nete:
722 5515 899 5570 ttontrttrr.

1136 4417 1138 4424 ,
1219 4347 1355 4440 Singul.
1371 4341 1558 4418 Nominat.

620 4511 911 4614 ὃτοῦτῷτὸν
962 4511 1030 4584 ltie
1130 4517 1138 4544 ⁴
1256 4539 1259 4546 ·

618 4819 642 4918 ἠ
665 4828 730 4917 τῆς
754 4827 801 4918 τῇ
826 4818 896 4916 τὴν
948 4817 1046 4888 llaec

2114 310 2165 382 80

1628 472 1699 556 ιὸς
1725 467 1772 550 οὗ
1797 464 1832 574 ᾦ
1856 473 1923 550 ὃνΙ
1954 477 2107 576 Qui⁰)-

1473 573 1588 645 Maso.
1614 630 1618 638 .
1641 475 1714 752 {etr
1738 573 1799 652 οἶν

1657 677 1695 752 o‘i
1721 669 1777 753 niv
1803 675 1860 762 οἷς
1885 677 1951 764 oiie

1235 828 1246 845 ·
1308 829 1317 845 ι
1663 779 1682 808 ct
1715 771 1733 806 ‘t'
1776 769 1802 852 7ζ’
1842 778 1850 806 t
1884 781 1916 825 gg

1166 826 1319 898 Articuli
1353 839 1448 922 post·
1473 879 1586 951 ΕΜ
1659 805 1786 954 illlis
1826 807 1876 876 ην
1916 783 1933 877 )
1984 784 2089 877 0⁰³⁸

1167 929 1388 1025 ΝΜ·
1588 908 1936 1068 ’ἕῖώὼ

1658 1076 1752 1159 ὃοῦ
1779 1076 1856 1184 qia*
1936 1087 2046 1181 Quod

1658 1183 1779 1263 dota

1659 1280 1768 1364 ἃῶν
1793 1283 1849 1373 οἷς
1875 1287 1993 1390 ὁί“’“).Δ
2124 1377 2127 1386 y

1268 1407 1424 1479 Articuli
1461 1408 1653 1499 compositi
1679 1403 1744 1480 citis
1769 1421 1805 1478 et
1831 1405 1939 1506 ὅςπερ
1968 1409 2159 1516 flectnptur

1166 1511 1258 1582 sicut
1275 1509 1475 1602 simplicia,
1500 1535 1576 1580 non
1590 1510 1738 1580 mutatis
1756 1507 1798 1584 de
1813 1524 1849 1582 et
1863 1537 1951 1609 περ,
1977 1523 2019 1582 ut

1216 1609 1283 1689 ὁδε
1309 1607 1422 1688 τοῦδε
1446 1610 1568 1709 τῷδε,
1602 1612 1711 1690 etsie

1218 1711 1326 1814 o'crrsp
1353 1705 1469 1811 οὗπερ
1493 1705 1597 1812 ᾧπερ
1623 1727 1688 1786 etc.
2133 1771 2138 1780 .

1218 1813 1411 1902 decrevero
1427 1830 1620 1913 utramque
1643 1817 1915 1908 compositionis
1936 1828 2077 1909 partem
2101 1817 2162 1888 de-

1167 1919 1288 1995 clinat.
1349 1921 1472 2015 Quare
1500 1917 1559 1991 hic
1576 1921 1707 1991 'obiter'
1727 1915 1785 2002 τίς
1803 1918 2083 2004 declinabimus,
2118 1942 2161 1988 eo

1168 2026 1267 2118 quod
1283 2026 1329 2094 ad
1350 2024 1543 2094 nominum
1566 2025 1721 2094 lormam
1747 2046 1822 2092 non
1848 2023 2044 2097 admodum
2072 2045 2161 2116 qua·

1168 2128 1259 2198 dcet.
1339 2126 1439 2198 Sicut
1471 2151 1538 2196 nec
1572 2125 1788 2198 vocabulum
1822 2125 1921 2219 quis,
1961 2126 2059 2217 apud
2089 2121 2162 2198 La·

1167 2228 1292 2299 tinosr
1845 2239 1847 2244 '
1901 2285 1905 2292 .
1996 2293 1999 2305 ,

1274 2323 1339 2412 Τίς
1363 2354 1443 2402 cum
1469 2343 1575 2401 acuto
1597 2355 1668 2402 vor
1693 2329 2028 2419 est-interrogandi,
2055 2324 2161 2421 quisi

1168 2445 1204 2502 et
1225 2430 1424 2502 declinatur
1446 2431 1486 2499 in
1510 2428 1607 2504 hunc
1631 2435 1801 2517 modum,
1840 2453 1986 2502 servans
2014 2441 2161 2498 acutum

1168 2534 1206 2603 in
1220 2534 1344 2626 priore
1360 2533 1510 2626 syllaba.

1219 2652 1356 2748 Singul.
1371 2651 1559 2725 Nominat.

1376 2755 1497 2825 Genit.
1516 2781 1517 2788 ¹

1374 2855 1459 2926 Dat.

1376 2961 1540 3031 Accusat.

1244 3064 1352 3135 Dual.
1371 3061 1558 3134 Nominat.

1375 3162 1495 3235 Genit.
1541 3172 1544 3178 '

1374 3265 1460 3338 Dat.

1374 3369 1538 3440 Accusat.

1219 3473 1355 3547 Plural.
1374 3469 1559 3543 Nominat.

1374 3571 1495 3644 Genit.

1374 3674 1459 3746 Dat.

1374 3779 1538 3848 Accusat.

1275 3913 1340 4002 Tic
1353 3939 1433 3987 cum
1451 3910 1564 4008 gravi,
1588 3903 1824 4003 postpositiva
1841 3901 2031 3995 particula,
2049 3897 2158 3992 signi-

1168 4028 1251 4096 ficat
1277 4023 1445 4118 quidam,
1473 4025 1662 4108 servatque
1686 4008 1899 4080 declinando
1922 4017 2050 4074 tonum
2076 4023 2157 4094 gra-

1168 4151 1250 4200 vem
1276 4126 1317 4194 in
1341 4125 1450 4193 line..
1478 4117 1668 4188 Caeterum
1694 4115 1811 4182 forma
1837 4107 2004 4180 flectendi
2030 4105 2155 4175 eadem

1169 4246 1239 4315 est,
1266 4251 1358 4325 quae
1372 4223 1441 4294 init
1456 4245 1578 4314 supra.

1475 1185 1601 1268 Neutr.

1664 2651 1722 2739 τίς

1662 2753 1766 2836 τίνος

1664 2855 1742 2932 τίνι

1662 2955 1764 3034 τίνα.

1663 3059 1743 3136 aiva

1663 3159 1785 3237 τίνων

1663 3263 1786 3340 τίνων

1665 3365 1756 3441 rive.

1664 3463 1762 3547 river

1663 3565 1782 3642 τίνων

1662 3665 1738 3744 τίσι

1662 3767 1780 3852 τίνας.

1662 4336 1720 4424 τὶς

1664 4435 1765 4518 τινὸς

1662 4539 1739 4620 τινὶ

1662 4637 1760 4719 τινὰ.

1660 4739 1738 4822 etri

1661 4847 1782 4924 τινοῖν

1659 4949 1779 5024 τινοῖν

1661 5041 1751 5126 τινὶ.

1375 4443 1495 4517 Genit.

1373 4547 1459 4618 Dat.

1373 4651 1538 4730 Accusat.

1242 4759 1350 4830 Dual.
1368 4751 1554 4829 Nominat.

1371 4855 1492 4929 Genit.

1372 4958 1458 5031 Dat.

1372 5062 1536 5132 Accusat.

1169 5227 1374 5244 μ

1202 5300 1249 5368 cs)
1269 5301 1335 5365 out]
1353 5301 1395 5352 m
1411 5297 1500 5350 ratu.
1517 5288 1727 5351 rasa-rau.;
1749 5281 1834 5336 tutte.
1851 5277 1929 5366 ιρις,
1948 5288 2008 5341 sqq.
2026 5271 2103 5337 osu.

1202 5403 1251 5474 tt)
1269 5396 1318 5468 it]
1334 5403 1387 5456 lid.
1404 5401 1480 5454 tots.
1498 5397 1585 5451 nuez
1607 5389 1647 5450 tr.

1203 5503 1250 5572 ab)
1267 5496 1303 5572 d]
1319 5505 1369 5556 Est.
1384 5504 1459 5556 tata.
1477 5503 1566 5556 malm
1590 5489 1634 5556 ds.
