4812 5964
70 251 132 328 ssa
295 333 301 346 ,
696 246 819 319 xcvr.
877 195 1206 321 cnauuarrca
1238 230 1431 325 nortus.
2011 247 2088 322 ssa

216 412 459 494 ρ.177-466.
489 415 674 493 Deligari·
697 417 876 494 singularum
899 417 1029 496 partium
1050 417 1285 490 Grammaticaea
1323 437 1354 496 p.
1368 411 1562 478 490-491.
1590 414 1638 474 De
1660 415 1736 474 ritiis
1758 417 1897 476 orationis
1919 410 2088 498 grammati·

214 519 284 573 caet
327 499 567 579 psas-sse.
595 499 792 562 Differentiae
821 503 1004 580 quarundam
1033 522 1153 580 vocum,
1189 503 1351 563 memoriae
1380 519 1541 581 puerorum
1570 519 1655 561 causa
1677 501 1818 561 Versibus
1839 503 2089 582 comprehensaea
2185 497 2189 505 ’

214 607 246 665 p.
259 584 457 654 496τὸ711.
477 589 592 647 abacos
616 606 718 646 recum
738 589 927 670 prosodicns3
955 605 1041 666 seqq.
1061 585 1084 654 3
1103 607 1194 668 pagg.
1217 607 1275 648 non
1298 607 1379 648 num.
1407 589 1513 647 Errata
1535 597 1628 660 cont.;
1655 584 1678 648 3
1700 588 1755 648 ult.
1778 607 1868 668 pagg.
1889 588 2066 672 vacant)*).
2088 651 2092 656 ,

173 709 350 786 Consilium,
390 709 467 788 quod
496 710 526 767 in
556 707 612 768 hac
639 728 713 768 nora
742 709 873 769 editione
893 723 1012 770 secutus
1035 720 1098 786 est,
1119 708 1284 768 Schmidius
1305 709 1336 766 in
1359 705 1543 786 praefatione
1566 725 1589 766 s.
1613 705 1738 783 epistola
1759 726 1889 787 nuncup.
1920 709 2085 790 proposuil,

67 808 224 876 quapropter
245 794 333 853 huius'
355 793 547 871 praefationis
568 790 736 872 prolixioris
759 813 825 854 carn
846 796 967 874 quidem
988 808 1106 873 partem
1127 793 1266 870 afferam,
1294 810 1371 871 quae
1394 791 1568 870 praesertim
1590 791 1712 851 editoris
1735 793 1886 851 eonsilium
1909 797 2055 856 continet:

171 916 297 992 „Atque
319 911 393 970 haec
415 912 511 970 omnia
534 911 604 970 talia
624 922 712 984 sunt,
745 930 822 992 quse
844 930 861 970 a
883 913 1006 990 singolis
1028 913 1145 992 singula
1166 923 1235 972 sunt
1255 910 1442 990 praestanda.
1486 911 1631 971 Ultimum
1654 911 1732 990 quod
1754 911 1859 970 attinet
1880 912 1921 971 de
1943 913 2085 973 conformi

69 989 251 1078 adpedcdelqr
270 999 512 1073 praeceptorum
541 997 570 1054 id
593 1013 685 1054 neca
708 998 825 1073 pueris,
847 999 962 1057 neceb
984 1014 1086 1056 eorum
1108 999 1280 1076 parentibus
1302 1008 1353 1057 aut
1367 997 1529 1074 magistris,
1550 1013 1606 1054 nec
1628 997 1716 1056 etiam
1736 995 1908 1074 simpliciter
1930 999 1967 1058 ab
1989 999 2086 1058 omui-

68 1088 109 1144 hns
133 1083 213 1144 simul
243 1080 457 1160 rebuspublicis
487 1081 607 1139 seorsim
631 1099 684 1138 suo
704 1083 848 1160 cuiusque
871 1084 935 1140 loco
959 1085 1231 1162 praestaripotest.
1280 1083 1395 1144 Summi
1416 1081 1463 1140 hlc
1486 1081 1675 1158 Magistratus
1697 1100 1766 1140 cura
1789 1083 1912 1158 prorida
1940 1095 1971 1143 et
1998 1095 2087 1143 auto-

67 1171 124 1228 ritas
141 1168 309 1248 postulatur.
369 1167 436 1234 Qua
455 1168 484 1223 in
509 1175 594 1243 parte
617 1177 730 1224 tantum
752 1169 855 1247 abest,
884 1179 916 1226 ut
938 1168 1082 1228 Sereniss.
1117 1167 1307 1227 Celsitudinis
1330 1167 1414 1225 Tuae
1436 1167 1634 1236 admonitione
1655 1165 1805 1246 indigeat,
1840 1178 1873 1226 ut
1900 1169 1997 1246 potins
2018 1170 2087 1246 tpsa

67 1254 124 1312 huic
141 1253 313 1311 incommodo
335 1251 484 1310 medelam
506 1247 634 1324 afferre,
669 1251 746 1309 inter
767 1261 811 1310 tot
833 1263 989 1330 tantasque
1011 1253 1231 1328 gubernationis
1254 1254 1391 1334 politicae
1412 1271 1515 1328 curas,
1551 1252 1628 1309 ultro
1650 1254 1696 1312 sui
1718 1253 1848 1311 mutueris
1870 1270 1935 1313 esse
1957 1253 2086 1316 duxerit.

68 1341 101 1399 lit
118 1338 244 1416 proinde,
274 1357 366 1414 quum
386 1335 604 1395 Grammaticae
624 1335 749 1394 Latinae
770 1335 931 1409 Methodo,
967 1355 1054 1415 quam
1075 1337 1130 1397 Vir
1151 1339 1383 1416 incomparabilis
1404 1336 1465 1398 Du.
1488 1335 1697 1425 Philippus
1716 1337 1993 1398 Melanchthcn
2015 1340 2085 1398 olim

68 1425 232 1501 lbtehergae
254 1423 364 1482 docens
386 1421 593 1499 praescripsit,
629 1419 782 1479 mellorem
804 1421 965 1499 hactenus,
1001 1423 1079 1500 quod
1101 1423 1174 1482 citra
1196 1423 1407 1500 praeiudicium
1430 1423 1631 1499 cuiuscunque
1654 1423 1761 1482 laboris
1783 1423 1894 1483 dictum
1916 1433 1997 1500 esto,
2034 1424 2086 1482 rix

68 1509 217 1568 riderimuss
244 1507 380 1566 Eandem
401 1508 432 1564 in
455 1502 570 1564 Scholis
591 1522 663 1566 suae
684 1506 801 1565 ditionis
822 1506 949 1566 omnium
972 1508 1106 1567 ordinum
1126 1509 1260 1568 omnibus
1280 1508 1421 1583 retineri,
1448 1518 1479 1566 et
1501 1508 1646 1566 iuventuti
1668 1509 1811 1586 proponi,
1838 1527 1922 1567 more
1942 1509 2086 1570 maiorum

67 1595 310 1656 laudatissimorum
330 1591 502 1674 iamdudum
526 1591 618 1667 probe
639 1589 769 1650 sancivit.
826 1592 905 1660 Quia
925 1609 997 1651 rero
1018 1593 1050 1650 in
1072 1593 1125 1652 illa
1145 1594 1285 1653 Methodo
1307 1592 1535 1672 praeceptisque
1556 1590 1720 1672 Philippeis
1743 1593 1886 1652 nonnulla
1908 1593 2086 1653 desideran-

67 1689 121 1758 tur,
144 1679 279 1738 nonnulla
300 1678 484 1738 correctione
506 1676 641 1754 indigere
662 1675 849 1753 deprebensa
870 1688 955 1751 sunt,
977 1677 1215 1756 quandoquidem
1237 1680 1293 1738 Vir
1312 1680 1367 1737 ille
1389 1687 1432 1738 tot
1453 1679 1602 1756 tantisque
1626 1678 1770 1738 laboribus
1792 1679 1958 1751 districtus,
1988 1679 2085 1738 omni·

66 1767 111 1826 bos
127 1764 231 1824 mendis
253 1763 448 1840 grammaticis
471 1779 530 1820 unc
553 1773 631 1820 motu
654 1761 795 1822 tollendis
816 1779 923 1824 vacare
945 1781 1003 1820 non
1025 1764 1140 1841 potuit,
1171 1775 1202 1824 et
1224 1765 1288 1823 dies
1303 1765 1388 1824 diem
1410 1775 1557 1841 perpetuo
1586 1762 1691 1822 docet:
1724 1764 1838 1824 idcirco
1867 1775 1901 1824 ut
1927 1775 1960 1822 et
1980 1763 2084 1825 hutoni

67 1851 227 1910 meritissimo
247 1867 320 1908 suus
341 1856 475 1906 maneret
497 1845 608 1922 honor,
629 1855 661 1905 et
681 1848 839 1907 commodis
860 1847 1021 1908 iuventutis
1042 1849 1143 1908 labore
1163 1851 1227 1908 eius
1244 1849 1388 1908 haetenus
1410 1849 1570 1926 plurimum
1593 1849 1711 1909 adiutae
1732 1849 1840 1908 rectius
1861 1849 2084 1923 consuleretur3

67 1937 190 1997 acerra
211 1933 368 1994 Celsitndo
388 1933 472 2004 Tua,
506 1929 669 2009 Philippica
697 1944 860 2010 praecepta
881 1933 1097 1992 Grammaticae
1117 1933 1259 2011 Latinae,
1292 1934 1430 1994 adhibitis
1458 1951 1498 1992 ex
1520 1934 1623 1992 lulio
1644 1934 1832 2008 Caesare,
1868 1947 1899 1994 et
1929 1933 1991 1993 eius
2020 1934 2083 1993 tilio

66 2018 453 2097 losepboScaligero,
483 2016 598 2076 Petro
620 2017 750 2093 Remo,
786 2017 1252 2094 NicodemoFrischlino,
1279 2018 1691 2095 lohanneWankelio,
1720 2018 2084 2094 lohanneRhenio,
2133 2015 2137 2026 “

67 2091 187 2184 aliisque,
221 2105 272 2184 qui
292 2103 375 2168 bisce
395 2102 601 2160 Grammaticis
622 2119 744 2180 operam
765 2104 977 2182 impenderunt
1001 2099 1140 2182 (quorum
1161 2122 1401 2184 unumquemque
1423 2104 1524 2164 debite
1545 2104 1610 2170 laus
1631 2122 1670 2163 ex
1693 2105 1798 2164 merito
1819 2101 1935 2186 manet)
1958 2103 2085 2162 admini-

65 2191 142 2266 culis,
171 2190 324 2260 reridere,
358 2189 389 2246 in
412 2187 482 2246 locis
505 2187 677 2265 quibusdam
699 2190 864 2268 corrigere,
900 2187 1038 2248 deiectus
1059 2189 1218 2266 supplere,
1253 2201 1283 2248 et
1305 2190 1487 2250 abundantia
1509 2191 1658 2263 eximere,
1693 2201 1819 2268 paterna
1847 2211 1901 2268 pro
1928 2191 2084 2248 iuventute

65 2275 239 2337 sollicitudine
260 2273 500 2334 clementissime
522 2273 687 2349 mandarit,
723 2284 756 2333 ut
784 2275 846 2346 bac,
868 2276 983 2333 ratione
1013 2291 1078 2330 cum
1107 2273 1174 2332 huie
1200 2275 1347 2333 Sereniss.
1369 2275 1455 2332 Tuae
1476 2273 1667 2332 Celsitudiois
1695 2275 1864 2345 territorio,
1898 2285 1961 2334 tum
1991 2275 2082 2333 etiem

65 2361 155 2420 ricinis
174 2361 235 2418 aliis
256 2359 501 2418 commodaretur.
544 2357 643 2434 Atque
665 2357 706 2418 ita
727 2357 873 2419 Sereniss.
897 2356 1050 2418 Celsitudo
1071 2357 1137 2416 Tua
1158 2358 1234 2416 hanc
1255 2360 1368 2436 ipsam,
1394 2358 1433 2416 de
1456 2375 1514 2435 qua
1535 2373 1632 2416 sermo
1655 2367 1717 2434 est,
1749 2358 1896 2417 medelam
1919 2357 2028 2416 scholis
2049 2366 2081 2417 et

63 2447 197 2504 iuventuti
216 2443 323 2504 afferre
342 2442 530 2502 laudabiliter
551 2442 669 2520 sategit.
1592 2451 1598 2460 “

177 2546 313 2606 Mandato
334 2545 403 2606 huic
425 2544 661 2604 clementissimo
678 2555 775 2621 'quum
795 2544 876 2604 solus
897 2555 917 2601 a'
936 2543 1065 2603 discessu
1087 2545 1344 2622 Rotenburgii
1366 2557 1398 2604 et
1419 2545 1499 2604 obitu
1523 2543 1669 2616 siheri,
1705 2544 1809 2622 quibus
1832 2563 1890 2604 urta
1911 2546 1967 2604 hoc
1989 2561 2082 2624 nego·

65 2635 128 2692 dnm
146 2633 343 2707 incumbebat,
373 2630 489 2690 debitor
511 2628 610 2690 diviua
630 2630 817 2707 providentia
839 2628 960 2687 relictus
982 2646 1021 2686 an
1042 2641 1210 2690 reservatus
1233 2647 1346 2706 essem,
1373 2631 1475 2708 parui,
1503 2640 1647 2707 quantum
1667 2635 1847 2707 tempestate
1867 2631 1921 2690 illa
1942 2630 2083 2705 morbida,

65 2737 129 2797 quae
148 2729 236 2777 totam
256 2715 325 2776 iere
346 2715 548 2793 Witebergam
571 2727 603 2774 et
624 2732 673 2773 me
696 2731 813 2793 quoque
836 2724 907 2773 tunc
928 2714 996 2772 satis
1018 2711 1068 2772 diu
1090 2725 1121 2772 et
1143 2717 1279 2793 repetitis
1299 2715 1465 2774 intervallis
1487 2714 1658 2791 premebat,
1686 2716 1751 2773 Deo
1780 2725 1965 2774 sustentante
1984 2711 2082 2783 rdluir

66 2817 91 2864 et
113 2801 239 2864 adhibitis
267 2801 355 2860 simul
383 2819 449 2860 cum
476 2800 640 2878 Lipsiensis
666 2799 859 2874 Academiae,
893 2807 956 2858 tum
976 2797 1150 2858 scholarum
1171 2801 1399 2862 Provincialium
1426 2799 1613 2860 aSereniss.
1635 2799 1819 2858 celsitudine
1840 2801 1907 2860 Tua
1933 2799 2083 2878 requisitis

64 2889 176 2964 indiciis,
201 2888 451 2970 collegarumque
474 2885 666 2944 leremise
686 2884 857 2962 Spigelii
879 2884 985 2960 generi
1006 2884 1066 2941 mei
1094 2879 1161 2964 (qui
1181 2896 1280 2945 tamen
1302 2887 1332 2944 in
1356 2885 1453 2944 medio
1475 2901 1585 2962 operae
1606 2890 1693 2944 eumn
1715 2884 1969 2963 Kambergensem
1989 2886 2083 2945 Prae·

65 2977 205 3052 posituram
227 2973 376 3034 Sereniss.
399 2971 586 3030 Celsitudine
600 2970 667 3030 Tua
689 2970 893 3036 consentiente
916 2964 1004 3050 adiit)
1029 2981 1060 3028 et
1080 2970 1242 3048 Augusti
1262 2971 1455 3030 Bucbneri
1478 2965 1577 3052 (cuius
1599 2981 1669 3029 ante
1692 2981 1723 3030 et
1744 2980 1810 3050 post
1824 2971 1946 3051 Spigelii
1970 2971 2083 3030 disces·

64 3079 132 3136 snm,
155 3061 337 3139 singularem
359 3056 550 3131 industriam,
572 3055 730 3134 iudiciique
753 3055 929 3133 gravitatem
952 3065 983 3113 et
1005 3072 1078 3131 opus
1099 3052 1154 3113 boc
1175 3057 1334 3116 adiurandi
1354 3057 1498 3134 insignem
1521 3051 1723 3134 προθυμίαν
1743 3057 1847 3116 meritc
1870 3069 1969 3134 gratus
1991 3071 2081 3134 prae·

65 3143 132 3226 dico)
153 3163 242 3224 opera
265 3143 347 3204 tideli
370 3140 558 3220 consiliisque
579 3139 713 3214 adiutus,
740 3140 971 3198 Grammaticnm
990 3141 1050 3198 Du.
1072 3138 1248 3220 Philippi
1268 3143 1420 3217 Latinam,
1448 3143 1572 3202 retentis
1594 3142 1646 3218 iis,
1667 3157 1742 3218 quae
1765 3143 1889 3201 retineri
1910 3149 2081 3220 potuerunt,
2170 3145 2174 3150 “

65 3231 187 3289 inhosce
209 3229 345 3302 libellos,
374 3247 446 3307 quos
467 3226 614 3286 Sereniss.
636 3224 811 3283 Celsitudiui
833 3226 936 3299 Tuae,
964 3241 1043 3302 quae
1063 3224 1146 3283 iussit
1167 3245 1203 3284 ac
1224 3229 1332 3301 voluit,
1361 3227 1572 3286 subiectissime
1594 3227 1703 3299 offero,
1734 3225 1851 3306 redegi,
1885 3229 1927 3288 ita
1948 3225 2081 3305 quidem,

65 3327 91 3376 ut
108 3317 224 3394 primum
249 3332 303 3389 ea,
327 3310 603 3390 quaeDiscentibus
625 3310 786 3389 praecipua
808 3317 925 3384 essent,
946 3308 976 3364 in
999 3301 1156 3386 σύστημα
1177 3311 1232 3370 boc
1253 3312 1330 3391 qnod
1352 3331 1429 3372 unus
1450 3310 1587 3386 exhibet,
1615 3313 1783 3388 colligerem
1787 3331 1801 3410 p
1831 3313 1946 3390 reliqua
1960 3310 2082 3389 deinde,

66 3420 127 3478 quae
147 3403 234 3480 magis
258 3398 419 3476 singularia
440 3406 524 3473 sunt,
552 3405 584 3453 et
605 3395 671 3452 usui
692 3391 868 3452 Docentium
897 3403 988 3472 atque
1010 3393 1197 3456 Adulticrum
1223 3399 1314 3476 magis
1342 3397 1522 3469 inserviunt,
1558 3396 1756 3472 peculiaribus
1782 3391 2024 3476 υπομνήμασιν
2050 3395 2082 3456 ἰιι

64 3487 143 3544 altero
163 3483 467 3564 comprehenderem
502 3491 533 3539 et
555 3498 593 3538 ex
614 3477 705 3556 pleno
727 3478 859 3557 denique
881 3477 1080 3537 Grammatico
1102 3481 1269 3555 Systeruate
1291 3481 1507 3559 Compendum
1528 3474 1734 3556 incipientium
1756 3481 1857 3542 studiis
1879 3480 2082 3542 accommoda·

63 3581 115 3628 turn
133 3572 320 3631 extraherem
342 3577 373 3626 et
394 3567 584 3646 peculiariter
605 3564 738 3624 ederem.
748 3561 767 3592 ”

172 3699 215 3758 hd
238 3693 558 3754 hancGrammaticam
580 3691 658 3750 idem
680 3689 895 3751 Schmidius
917 3687 1024 3748 eodem
1045 3707 1122 3746 enno
1142 3653 1255 3746 eddidit
1275 3688 1403 3746 alteram
1424 3694 1543 3762 partem
1564 3685 1684 3743 seorsim
1705 3699 1856 3761 excusam,
1877 3685 2028 3763 inquam,
2049 3696 2083 3744 ut

62 3781 285 3858 inpraeiatione
307 3779 394 3854 dicit,
422 3796 459 3837 ea
482 3787 551 3836 suut
571 3777 708 3850 redacta,
744 3794 819 3856 quae
841 3775 935 3852 magis
955 3783 1024 3833 sunt
1044 3773 1221 3854 singularia,
1257 3774 1307 3832 rel
1327 3770 1472 3830 uberioris
1495 3769 1702 3829 declarationis
1725 3769 1819 3828 ricem
1838 3771 2000 3849 sustinent,
2032 3771 2084 3830 rel

61 3867 136 3926 etiam
157 3867 332 3928 docentibus
355 3873 386 3922 et
409 3861 600 3922 adultioribus
627 3861 761 3939 inprimis
788 3880 843 3942 pro
871 3859 1078 3919 informatione
1107 3857 1236 3938 legenda
1264 3871 1296 3918 et
1323 3855 1525 3935 cognoscenda
1553 3854 1706 3915 ridentur.
1762 3851 1841 3912 Haec
1869 3875 1939 3938 pars
1967 3857 2008 3915 sic
2035 3857 2083 3914 iu-

61 3954 107 4010 scri
126 3965 155 4014 ta
174 3967 235 4015 ests

108 3973 125 4032 Ρ
172 4073 448 4160 pronunaco
462 4079 496 4132 ct
509 4069 582 4132 ssls‘a
594 4066 769 4150 quasdam,
788 4067 835 4128 cd
848 4063 1117 4141 Grenmticcsr
1133 4055 1220 4120 tau.
1236 4051 1524 4159 Melaoolsthosss‘s,
1546 4052 1712 4160 Sercpc'ss.
1725 4051 1900 4158 §casaiae
1912 4053 2081 4159 dilectoris

215 4173 283 4222 etc.
297 4157 405 4240 jussas
418 4153 584 4220 Recissss
595 4154 822 4230 Pertioesstr'ct,
843 4171 908 4228 pro
922 4172 986 4212 aras
1000 4147 1225 4213 Adrtcroron
1237 4154 1269 4204 st
1282 4139 1494 4218 Doceatsuss,
1517 4138 1666 4202 Seorsrss
1679 4140 1784 4202 edcta
1814 4137 1896 4204 Graes
1910 4135 2033 4202 Gratus
2047 4149 2081 4200 et

213 4244 411 4325 Privilega’o
423 4243 531 4305 Eleos.
543 4237 630 4304 Sum.
655 4237 804 4325 (insigne)
833 4232 1126 4319 thcdcrgae”),
1146 4227 1289 4294 Εεσιιια
1306 4226 1413 4311 Typc's
1428 4223 1591 4290 lobannis
1605 4223 1772 4290 itatem.
1798 4225 1892 4288 teat.
1920 4223 1967 4292 30
1979 4228 2081 4308 plagg.

214 4336 276 4395 litt.
289 4351 325 4408 a,
346 4332 467 4406 h—Z,
489 4328 629 4389 sa-Ft
647 4330 741 4406 sign.,
760 4321 865 4386 etott:
885 4344 942 4384 nou
966 4345 1064 4398 num,
1091 4315 1156 4383 toa
1169 4339 1253 4397 pagg.
1278 4334 1373 4394 num.,
1402 4315 1457 4374 ult.
1473 4332 1542 4393 pag.
1560 4333 1617 4372 non
1639 4332 1739 4412 num,
1763 4312 1795 4374 8.
1823 4309 1891 4393 (iol.
1906 4310 2076 4375 avt—8¹

213 4418 333 4480 Erasmi
348 4415 480 4475 Schmidt
504 4415 630 4492 praefat.
652 4413 691 4473 ad
712 4412 869 4471 Lectorem
890 4410 920 4470 d.
942 4407 974 4470 ll.
990 4407 1091 4469 Martii
1113 4403 1206 4466 1621.
1228 4402 1354 4479 scripta;
1382 4399 1435 4458 iol.
1455 4394 1528 4460 ,gs
1557 4399 1663 4458 Erratis
1684 4400 1840 4496 insigniora
1862 4401 1892 4458 in
1907 4397 2083 4478 Hypomne.

440 4480 2084 4648 ¹·*amausteatrum·aretatauauautaaa
2125 4554 2131 4592 2

213 4585 724 4742 &dismdiatiddidmidb'ammldtidae3
769 4601 1012 4747 1146011113.
1043 4663 1079 4724 ln
1100 4593 1229 4722 dbaddm
1255 4615 1443 4737 prosodicum
1470 4641 1715 4736 ὕπομνήμαται
1755 4655 1804 4716 ult
1829 4675 1899 4736 pag.
1922 4675 1980 4714 non
2003 4673 2083 4717 num.

218 4772 316 4820 contr
344 4759 450 4818 Errata
469 4758 501 4814 in
522 4757 584 4834 ipso
606 4757 776 4833 Syrtemate
795 4754 995 4814 Grammatico
1010 4747 1085 4832 lll).

132 4877 275 4959 Utraque
296 4875 383 4936 huius
402 4876 619 4936 Grammaticae
640 4893 709 4952 pars
728 4890 820 4949 saepe
842 4872 971 4950 repetita
994 4880 1040 4930 est
1062 4880 1093 4928 et
1115 4869 1222 4928 multos
1252 4884 1306 4944 per
1335 4883 1427 4923 annos
1443 4863 1487 4940 in
1508 4861 1659 4924 Saxoniois
1675 4862 1813 4938 ,aliisque
1839 4861 1945 4921 scholis
1972 4863 2002 4920 in
2028 4879 2083 4922 ssu

54 4955 112 5022 init.
154 4965 203 5024 An
226 4981 301 5023 sero
323 4963 419 5021 altera
439 4979 509 5040 pars
529 4961 616 5021 toties
636 4959 761 5037 repetite
782 4959 838 5035 sit,
866 4958 982 5037 quoties
1002 4955 1084 5035 prior
1106 4971 1212 5014 recusa
1234 4963 1295 5027 est,
1322 4951 1432 5012 nescio.
1476 4951 1510 5010 ln
1533 4948 1619 5054 huius
1641 4948 1721 5006 enim
1743 4945 1956 5006 Grammaticae
1978 4965 2084 5010 exem-
2184 4969 2188 4980 ·

60 5105 204 5118 h—

86 5175 115 5244 l)
134 5183 212 5234 llaec
231 5193 342 5246 qnoque
358 5180 428 5247 Ed,
454 5189 524 5245 qaae
541 5190 560 5230 tt
577 5177 718 5231 Strohetto
736 5145 757 5231 l.
771 5175 792 5230 l.
814 5189 840 5240 p.
852 5175 889 5226 69
903 5189 945 5240 sq.
967 5173 1151 5236 recensetur,
1170 5187 1204 5224 er
1222 5171 1350 5224 stottott.
1368 5172 1460 5226 senat.
1479 5167 1630 5234 isenburg.
1650 5165 1714 5218 mihi
1731 5167 1768 5218 sd
1786 5178 1885 5218 manns
1906 5170 1959 5218 est.

86 5263 135 5334 ”l
153 5270 317 5320 strobeltos
335 5270 354 5318 t.
371 5267 390 5318 Ι.
416 5281 441 5330 p.
457 5268 501 5317 ⁴0.
524 5266 596 5316 huno
617 5264 718 5314 librum
735 5274 902 5326 recensens,
932 5263 994 5313 leco
1021 5261 1206 5323 thcterpac
1221 5257 1350 5322 scripsit:
1382 5255 1512 5321 Lipsiae.
1549 5255 1665 5317 Nescio,
1697 5255 1790 5306 utrum
1808 5253 1892 5306 ettam
1911 5253 2018 5318 ntpsoe
2034 5255 2087 5311 lroe

119 5348 193 5391 sotto
213 5337 368 5402 prodierit,
394 5347 431 5388 an
448 5335 488 5402 (td
506 5336 578 5399 quod
597 5333 660 5384 mttl
679 5331 908 5382 veristmttttroum
926 5333 984 5390 est)
1003 5331 1126 5394 utpotae
1141 5329 1273 5382 mendose
1290 5339 1342 5391 pro
1366 5325 1548 5392 thrterpss
1564 5325 1698 5390 scriptum
1715 5325 1761 5376 stt.

85 5423 158 5487 m)
176 5428 262 5478 msc
278 5425 395 5489 pann
412 5423 463 5473 ttd.
481 5422 600 5474 sttertus
618 5419 709 5483 psrtts
727 5431 761 5468 ex
779 5419 906 5473 stottoct.
926 5421 1017 5471 senat.
1035 5417 1185 5484 limburg.
1203 5415 1233 5467 tn
1250 5415 1376 5466 umbus
1391 5411 1486 5466 habeo.
1529 5411 1561 5463 ln
1587 5412 1640 5463 hoc
1667 5411 1791 5477 exemplo
1815 5411 1885 5462 haec
1900 5409 1951 5460 td.
1968 5409 2083 5463 lttltlont

121 5495 236 5548 witae.
252 5505 277 5546 s.
293 5493 369 5548 ιω.
387 5493 490 5559 prtorts
506 5491 597 5556 partts
615 5488 820 5544 Grammaticae
836 5491 936 5541 assuts
953 5491 1006 5540 est.
1209 5547 1213 5562 ὓ
